3104 4805
993 364 1524 440 PROLEGOMENON.

340 531 412 585 Μ.
445 529 507 582 F.
540 525 888 593 Quintiliani,
917 521 1068 576 haud
1099 526 1286 576 tamen
1312 519 1578 588 integraS‚
1612 515 1847 586 reperit,
1877 515 2037 587 eique

341 611 528 666 statim
555 609 845 681 epistolam
875 604 1081 660 scribit.

274 694 608 749 Florentiam
637 693 696 746 in
724 690 907 745 reditu
935 704 1002 742 ex
1030 686 1178 741 Urbe
1207 684 1410 739 revisit.

270 780 380 832 Per
426 782 674 831 aestatem
719 774 886 829 huius
950 771 1081 826 anni
1143 768 1483 823 carminibus
1527 768 1645 822 suis
1700 766 2040 838 expoliendis

342 877 566 932 operam
596 863 777 913 navat.

58 1029 218 1083 1351.
264 1028 454 1082 Mense
483 1025 742 1081 Ianuario
772 1025 1063 1080 Patavium
1088 1023 1345 1077 redierat.

267 1110 369 1164 Die
390 1109 457 1163 17
479 1109 678 1163 Martii.
694 1108 976 1162 Andream
995 1107 1330 1174 Dandolum,
1350 1106 1549 1159 ducem
1580 1105 1939 1172 Venetorum,
1970 1103 2041 1158 ad

341 1208 536 1264 pacem
567 1208 695 1246 cum
724 1190 1110 1245 Genuensibus
1139 1190 1439 1244 ineundam
1468 1190 1742 1243 hortatur.

271 1275 370 1329 Die
400 1276 435 1330 6
458 1275 683 1346 Aprilis.
718 1273 940 1328 Litteris
978 1289 1010 1327 a
1038 1273 1245 1326 Senatu
1270 1277 1328 1326 et
1352 1272 1558 1343 populo
1589 1270 1907 1325 Florentino
1944 1288 2043 1342 per

345 1359 649 1413 Iohannem
681 1358 749 1412 de
777 1356 1032 1411 Certaldo
1075 1355 1289 1423 missis,
1320 1359 1610 1408 revocatur
1645 1353 1713 1408 ab
1749 1354 1942 1422 exilio,
1988 1360 2042 1408 et

341 1443 501 1496 avitis
529 1442 687 1496 bonis
713 1440 1141 1510 redintegratur.

268 1525 369 1580 Die
399 1526 434 1579 3
460 1526 606 1580 Maii.
658 1525 881 1579 Patavio
928 1541 1055 1578 cum
1094 1524 1338 1578 Iohanne
1380 1523 1494 1577 filio
1542 1523 1937 1595 proficiscitur,
1986 1529 2042 1579 et

344 1618 497 1666 stans
514 1610 653 1683 pede
680 1611 738 1664 in
767 1626 902 1676 uno,
919 1609 1087 1662 dictat
1108 1608 1446 1680 epitaphium
1468 1606 1649 1661 Iacobi
1670 1606 2040 1661 Carrariensis

342 1695 557 1748 tumulo
585 1692 1020 1746 inscribendum.

272 1778 535 1832 Viceutiae
561 1778 630 1831 de
659 1776 937 1830 Ciceronis
965 1775 1183 1845 ingenio
1212 1780 1267 1828 et
1293 1775 1404 1828 vita
1431 1773 1695 1844 disputat.

268 1861 504 1915 Veronae
547 1861 755 1932 aliquot
781 1859 977 1914 diebus
1006 1858 1285 1926 subsistit,
1325 1857 1511 1927 ibique
1548 1861 1667 1910 erat
1694 1861 1748 1911 et
1776 1855 2040 1911 Kalendis

344 1944 507 1998 Iunii.

270 2027 374 2080 Die
400 2027 463 2080 21
496 2026 659 2095 Iunii,
690 2026 759 2080 ad
787 2026 1033 2080 Montem
1061 2024 1338 2079 Gebennae
1369 2029 1712 2094 pervenerat.

271 2109 372 2163 Die
401 2110 473 2164 26
497 2111 581 2164 vel
608 2110 676 2164 27
708 2108 873 2177 Iunii,
904 2109 972 2163 ad
1004 2109 1212 2162 sontem
1243 2106 1448 2176 Sorgiae
1478 2107 1744 2160 consistit.

272 2191 374 2246 Die
401 2192 473 2248 16
497 2192 634 2246 Nov.
667 2191 1004 2259 CardinaleS‚
1027 2190 1186 2260 Reip.
1212 2189 1477 2243 Romanae
1502 2187 1867 2242 reformandae
1904 2205 2043 2260 prae-

345 2274 493 2343 fecti,
515 2274 844 2329 sententiam
866 2272 1141 2327 Francisci
1161 2271 1479 2342 exquirunt,
1502 2287 1670 2342 quam
1689 2272 1806 2343 ipse
1826 2270 2037 2343 pandit.

20 2526 21 2533 ’
73 2528 223 2584 1352.
264 2530 590 2586 Franciscus
616 2530 866 2586 Ubertini
903 2531 1131 2602 negocia
1158 2528 1422 2584 adversus
1452 2528 1765 2584 Guidonem
1791 2528 1850 2583 in
1878 2526 2044 2582 Curia

350 2621 624 2685 procurat.

281 2699 420 2753 Eum
449 2699 703 2754 Nicolaus
733 2698 1041 2754 Acciaiolus
1070 2699 1358 2772 Neapolim
1387 2699 1634 2754 advocat.

283 2782 381 2836 Die
415 2782 486 2836 13
530 2783 739 2851 Martii,
796 2783 867 2836 ad
922 2782 1263 2837 Clementem
1310 2782 1385 2836 VI
1438 2783 1503 2837 P.
1552 2782 1627 2836 M.
1687 2788 2042 2854 aegrotantem

349 2866 635 2938 epistolam
674 2867 875 2935 mittit,
925 2883 1049 2937 quae
1091 2865 1434 2921 medicorum
1472 2866 1529 2920 in
1568 2882 1697 2921 eum
1736 2866 2044 2921 simultates

347 2949 504 3020 parit.

276 3032 551 3101 Angelum
574 3031 933 3099 Acciaiolum,
964 3031 1297 3104 Episcopum
1315 3030 1723 3100 Florentinum,
1745 3029 1816 3085 ad
1834 3029 2044 3085 sontem

347 3116 550 3186 Sorgiae
581 3116 815 3187 prandio
845 3116 1060 3187 excipit.

230 3222 235 3228 ·
277 3198 569 3267 Iohannes,
586 3199 733 3253 filius
749 3199 888 3266 eius,
907 3198 1214 3253 Canonicus
1230 3196 1483 3251 Ecclesiae
1497 3195 1831 3252 Veronensis
1842 3213 2045 3252 renun-

349 3283 541 3336 ciatur.
574 3281 716 3335 Eum
744 3282 877 3335 illuc
914 3282 1100 3350 mittit,
1140 3279 1426 3351 Raynaldo
1451 3285 1507 3334 et
1536 3280 1811 3335 Gulielmo
1853 3279 2044 3335 amicis

352 3364 467 3418 suis
493 3364 906 3419 commendam.

260 3446 385 3500 Duo
413 3448 470 3501 S.
493 3448 562 3502 R.
588 3446 648 3500 E.
683 3446 1021 3515 CardinaleS,
1044 3453 1106 3501 ut
1132 3448 1368 3518 eligatur
1394 3464 1427 3502 a
1452 3450 1676 3504 secretis
1704 3449 1865 3504 Pont.
1895 3450 2039 3503 Max.

344 3529 501 3583 enixe
542 3536 765 3584 curant:
813 3530 860 3586 is
901 3547 967 3585 ex
1016 3531 1288 3586 industria
1333 3538 1569 3599 conatus
1616 3548 1810 3586 eorum
1855 3532 2043 3586 irritos

348 3612 549 3668 reddit.

272 3695 598 3749 Genuenses
627 3695 701 3749 ad‘
725 3712 917 3767 pacem
946 3713 1076 3751 cum
1104 3696 1330 3753 Venetis
1356 3699 1629 3752 hortatur.

270 3779 374 3834 Die
401 3779 472 3834 16
498 3779 845 3834 Novembris„
870 3781 1023 3835 Rure
1043 3798 1143 3836 suo
1163 3781 1460 3854 prosectuS‚
1492 3787 1556 3835 ut
1574 3781 1633 3834 in
1663 3779 1879 3833 Italiam
1903 3776 2043 3831 redi-

347 3868 453 3930 ret,
474 3862 704 3917 adversa
733 3864 856 3917 coeli
887 3868 1211 3935 tempestate
1239 3865 1297 3918 in
1325 3864 1462 3917 urbe
1480 3862 1836 3917 Cavallicensi
1867 3860 2042 3915 consi·

342 3951 490 3999 stere
520 3950 739 4000 coactus
766 3952 868 4001 est.

2341 355 2503 403 chv

2126 698 2217 732 Not·
2235 697 2270 738 t,
2288 695 2348 732 xl.

2140 779 2190 815 Do
2205 778 2335 815 sudio·
2348 778 2420 827 ΙΙΙ,
2435 777 2497 816 rl.

2150 1034 2190 1069 r.
2206 1035 2266 1081 ιι,
2283 1034 2321 1071 2.

2129 1114 2217 1151 Not·
2238 1114 2274 1160 8,
2287 1113 2347 1149 xl.

2129 1280 2218 1317 not.
2236 1282 2271 1326 ι,
2291 1280 2349 1316 ιι.

2127 1531 2225 1568 uota
2239 1531 2325 1578 as,
2345 1531 2405 1567 ιι.

2125 1786 2163 1821 Ρ.
2184 1786 2304 1836 mv,
2323 1787 2357 1823 2

2127 1865 2218 1901 Nota
2238 1865 2273 1912 t,
2291 1866 2352 1903 Xl.

2127 2034 2168 2071 r.
2187 2036 2248 2082 ιι,
2266 2037 2302 2075 ⁹.

2124 2112 2163 2147 r.
2185 2113 2246 2160 ιι,
2263 2115 2317 2151 ιο.

2126 2194 2163 2231 ι’.
2187 2195 2247 2242 ιι,
2268 2196 2325 2241 ιο,
2345 2198 2399 2234 ιτ.

2129 2538 2167 2572 r.
2189 2537 2264 2586 ιιι,
2285 2538 2319 2582 4,
2338 2538 2374 2575 ιι.

2128 2709 2219 2746 uota
2235 2710 2272 2757 π,
2289 2710 2379 2747 ιιι.

2129 2791 2165 2827 r.
2183 2792 2225 2837 V.
2246 2792 2304 2829 ιιι.

2128 3036 2167 3072 r.
2187 3036 2266 3085 xn,
2285 3037 2340 3074 ιι

2129 3207 2228 3246 uota
2246 3206 2517 3254 ιτ,νιι,ιε.ιι

2130 3456 2166 3491 r.
2189 3455 2286 3503 ιιιι,
2304 3458 2340 3493 s.

2129 3704 2220 3741 κοιι
2236 3703 2274 3747 s,
2293 3704 2384 3741 xiv.

2127 3785 2165 3821 r.
2186 3783 2257 3831 xv,
2275 3784 2312 3831 α,
2329 3783 2353 3819 a

270 4027 581 4083 Cardinalis
608 4029 871 4085 Albertus
905 4030 974 4084 ad
1021 4047 1346 4103 supremum
1390 4030 1781 4086 Pontificatum
1813 4027 2038 4082 nomine
2127 4034 2217 4070 Not·
2233 4034 2272 4079 ⁸.
2289 4034 2348 4070 ¹¹-

345 4111 650 4167 Innocentii
675 4111 750 4166 v1
779 4117 1020 4181 evectus,
1058 4115 1285 4168 alterius
1312 4114 1607 4168 cardinalis
1636 4109 2005 4166 insinuatione
2021 4151 2035 4178 ,

345 4194 698 4251 Franciscum
727 4197 1151 4252 necromanticis
1176 4196 1388 4251 artibus
1418 4211 1647 4269 operam
1675 4194 1807 4249 dare
1838 4197 2014 4265 putat.

410 4301 445 4337 ι.

2081 4284 2109 4344 1'
