<?xml version="1.0" encoding="UTF-8"?>
<!DOCTYPE html PUBLIC "-//W3C//DTD XHTML 1.0 Transitional//EN"
    "http://www.w3.org/TR/xhtml1/DTD/xhtml1-transitional.dtd">
<html xmlns="http://www.w3.org/1999/xhtml" xml:lang="en" lang="en">
 <head>
  <title>
</title>
<meta http-equiv="Content-Type" content="text/html;charset=utf-8" />
  <meta name='ocr-system' content='tesseract 3.04.00' />
  <meta name='ocr-capabilities' content='ocr_page ocr_carea ocr_par ocr_line ocrx_word'/>
</head>
<body>
  <div class='ocr_page' id='page_1' title='image "./epistolaederebu00unkngoog_0240.png"; bbox 0 0 3104 4805; ppageno 0'>
   <div class='ocr_carea' id='block_1_1' title="bbox 536 345 2018 404">
    <p class='ocr_par' dir='ltr' id='par_1_1' title="bbox 536 345 2018 404">
     <span class='ocr_line' id='line_1_1' title="bbox 536 345 2018 404; baseline -0.001 0"><span class='ocrx_word' id='word_1_1' title='bbox 536 345 610 404; x_wconf 66' lang='lat'><strong>&#39;72</strong></span> <span class='ocrx_word' id='word_1_2' title='bbox 1204 356 1285 402; x_wconf 72' lang='grc' dir='ltr'><strong>ΒΕ</strong></span> <span class='ocrx_word' id='word_1_3' title='bbox 1330 355 1529 403; x_wconf 71' lang='lat' dir='ltr'><strong>annus</strong></span> <span class='ocrx_word' id='word_1_4' title='bbox 1575 355 2018 403; x_wconf 73' lang='lat' dir='ltr'><strong>rAmmARmus</strong></span> 
     </span>
    </p>
   </div>
   <div class='ocr_carea' id='block_1_2' title="bbox 512 488 2689 2509">
    <p class='ocr_par' dir='ltr' id='par_1_2' title="bbox 512 488 2689 2509">
     <span class='ocr_line' id='line_1_2' title="bbox 534 488 2689 589; baseline 0 -21"><span class='ocrx_word' id='word_1_5' title='bbox 534 509 666 568; x_wconf 86' lang='lat' dir='ltr'><strong>ret:</strong></span> <span class='ocrx_word' id='word_1_6' title='bbox 709 497 909 568; x_wconf 91' lang='lat' dir='ltr'><strong>cuius</strong></span> <span class='ocrx_word' id='word_1_7' title='bbox 953 488 1171 587; x_wconf 88' lang='lat' dir='ltr'><strong>gloria</strong></span> <span class='ocrx_word' id='word_1_8' title='bbox 1222 498 1290 566; x_wconf 93' lang='lat' dir='ltr'><strong>in</strong></span> <span class='ocrx_word' id='word_1_9' title='bbox 1343 499 1631 589; x_wconf 89' lang='lat' dir='ltr'><strong>strepitu</strong></span> <span class='ocrx_word' id='word_1_10' title='bbox 1682 506 1753 567; x_wconf 90' lang='lat' dir='ltr'><strong>et</strong></span> <span class='ocrx_word' id='word_1_11' title='bbox 1800 496 2130 567; x_wconf 85' lang='lat' dir='ltr'><strong>conviciis</strong></span> <span class='ocrx_word' id='word_1_12' title='bbox 2187 498 2318 566; x_wconf 90' lang='lat' dir='ltr'><strong>sita</strong></span> <span class='ocrx_word' id='word_1_13' title='bbox 2366 508 2496 568; x_wconf 91' lang='lat' dir='ltr'><strong>est.</strong></span> <span class='ocrx_word' id='word_1_14' title='bbox 2551 500 2689 569; x_wconf 90' lang='lat' dir='ltr'><strong>Sed</strong></span> 
     </span>
     <span class='ocr_line' id='line_1_3' title="bbox 530 617 2685 709; baseline 0.002 -22"><span class='ocrx_word' id='word_1_15' title='bbox 530 618 707 688; x_wconf 87' lang='lat' dir='ltr'><strong>bene</strong></span> <span class='ocrx_word' id='word_1_16' title='bbox 776 618 984 689; x_wconf 89' lang='lat' dir='ltr'><strong>habet</strong></span> <span class='ocrx_word' id='word_1_17' title='bbox 1048 618 1238 709; x_wconf 92' lang='lat' dir='ltr'><strong>quod</strong></span> <span class='ocrx_word' id='word_1_18' title='bbox 1289 640 1413 688; x_wconf 91' lang='lat' dir='ltr'><strong>nec</strong></span> <span class='ocrx_word' id='word_1_19' title='bbox 1463 620 1574 687; x_wconf 91' lang='lat' dir='ltr'><strong>ille</strong></span> <span class='ocrx_word' id='word_1_20' title='bbox 1627 617 1927 687; x_wconf 90' lang='lat' dir='ltr'><strong>scribere</strong></span> <span class='ocrx_word' id='word_1_21' title='bbox 1977 617 2240 708; x_wconf 91' lang='lat' dir='ltr'><strong>aliquid</strong></span> <span class='ocrx_word' id='word_1_22' title='bbox 2288 619 2512 703; x_wconf 87' lang='lat' dir='ltr'><strong>novit,</strong></span> <span class='ocrx_word' id='word_1_23' title='bbox 2558 642 2685 691; x_wconf 89' lang='lat' dir='ltr'><strong>nec</strong></span> 
     </span>
     <span class='ocr_line' id='line_1_4' title="bbox 525 737 2684 829; baseline 0.001 -20"><span class='ocrx_word' id='word_1_24' title='bbox 525 762 656 829; x_wconf 86' lang='lat' dir='ltr'><strong>ego</strong></span> <span class='ocrx_word' id='word_1_25' title='bbox 695 762 853 809; x_wconf 92' lang='lat' dir='ltr'><strong>eum</strong></span> <span class='ocrx_word' id='word_1_26' title='bbox 895 739 1055 809; x_wconf 87' lang='lat' dir='ltr'><strong>hinc</strong></span> <span class='ocrx_word' id='word_1_27' title='bbox 1093 740 1416 810; x_wconf 78' lang='lat' dir='ltr'><strong>exaudio.</strong></span> <span class='ocrx_word' id='word_1_28' title='bbox 1461 739 1563 808; x_wconf 89' lang='lat' dir='ltr'><strong>lta</strong></span> <span class='ocrx_word' id='word_1_29' title='bbox 1602 750 1672 808; x_wconf 90' lang='lat' dir='ltr'><strong>et</strong></span> <span class='ocrx_word' id='word_1_30' title='bbox 1711 761 1915 808; x_wconf 91' lang='lat' dir='ltr'><strong>aures</strong></span> <span class='ocrx_word' id='word_1_31' title='bbox 1960 737 2313 817; x_wconf 84' lang='lat' dir='ltr'><strong>interiecto</strong></span> <span class='ocrx_word' id='word_1_32' title='bbox 2355 740 2566 811; x_wconf 90' lang='lat' dir='ltr'><strong>maris</strong></span> <span class='ocrx_word' id='word_1_33' title='bbox 2604 764 2684 812; x_wconf 91' lang='lat' dir='ltr'><strong>ac</strong></span> 
     </span>
     <span class='ocr_line' id='line_1_5' title="bbox 527 860 2676 952; baseline -0 -21"><span class='ocrx_word' id='word_1_34' title='bbox 527 870 863 931; x_wconf 86' lang='lat' dir='ltr'><strong>terrarum</strong></span> <span class='ocrx_word' id='word_1_35' title='bbox 901 862 1152 952; x_wconf 87' lang='lat' dir='ltr'><strong>spatio,</strong></span> <span class='ocrx_word' id='word_1_36' title='bbox 1189 870 1259 930; x_wconf 92' lang='lat' dir='ltr'><strong>et</strong></span> <span class='ocrx_word' id='word_1_37' title='bbox 1292 860 1470 932; x_wconf 90' lang='lat' dir='ltr'><strong>oculi</strong></span> <span class='ocrx_word' id='word_1_38' title='bbox 1504 861 1637 931; x_wconf 93' lang='lat' dir='ltr'><strong>mei</strong></span> <span class='ocrx_word' id='word_1_39' title='bbox 1672 860 1855 930; x_wconf 93' lang='lat' dir='ltr'><strong>illius</strong></span> <span class='ocrx_word' id='word_1_40' title='bbox 1891 860 2279 949; x_wconf 80' lang='lat' dir='ltr'><strong>ignorantia</strong></span> <span class='ocrx_word' id='word_1_41' title='bbox 2316 862 2443 930; x_wconf 91' lang='lat' dir='ltr'><strong>tuti</strong></span> <span class='ocrx_word' id='word_1_42' title='bbox 2481 870 2676 931; x_wconf 88' lang='lat' dir='ltr'><strong>sunt:</strong></span> 
     </span>
     <span class='ocr_line' id='line_1_6' title="bbox 526 981 2686 1074; baseline 0.001 -25"><span class='ocrx_word' id='word_1_43' title='bbox 526 990 742 1052; x_wconf 93' lang='lat' dir='ltr'><strong>totum</strong></span> <span class='ocrx_word' id='word_1_44' title='bbox 795 982 1166 1074; x_wconf 91' lang='lat' dir='ltr'><strong>importuni</strong></span> <span class='ocrx_word' id='word_1_45' title='bbox 1217 981 1712 1073; x_wconf 91' lang='lat' dir='ltr'><strong>colloquutoris</strong></span> <span class='ocrx_word' id='word_1_46' title='bbox 1777 981 2051 1073; x_wconf 88' lang='lat' dir='ltr'><strong>pondus</strong></span> <span class='ocrx_word' id='word_1_47' title='bbox 2105 982 2175 1050; x_wconf 90' lang='lat' dir='ltr'><strong>in</strong></span> <span class='ocrx_word' id='word_1_48' title='bbox 2229 992 2424 1052; x_wconf 91' lang='lat' dir='ltr'><strong>tuum</strong></span> <span class='ocrx_word' id='word_1_49' title='bbox 2475 993 2686 1074; x_wconf 86' lang='lat' dir='ltr'><strong>caput</strong></span> 
     </span>
     <span class='ocr_line' id='line_1_7' title="bbox 520 1103 2674 1195; baseline -0.001 -20"><span class='ocrx_word' id='word_1_50' title='bbox 520 1103 933 1188; x_wconf 82' lang='lat' dir='ltr'><strong>refunditur,</strong></span> <span class='ocrx_word' id='word_1_51' title='bbox 976 1113 1047 1173; x_wconf 92' lang='lat' dir='ltr'><strong>et</strong></span> <span class='ocrx_word' id='word_1_52' title='bbox 1086 1103 1361 1186; x_wconf 91' lang='lat' dir='ltr'><strong>merito;</strong></span> <span class='ocrx_word' id='word_1_53' title='bbox 1406 1103 1731 1195; x_wconf 91' lang='lat' dir='ltr'><strong>quoniam</strong></span> <span class='ocrx_word' id='word_1_54' title='bbox 1774 1103 2039 1173; x_wconf 82' lang='lat' dir='ltr'><strong>litteras</strong></span> <span class='ocrx_word' id='word_1_55' title='bbox 2075 1125 2268 1173; x_wconf 91' lang='lat' dir='ltr'><strong>meas</strong></span> <span class='ocrx_word' id='word_1_56' title='bbox 2305 1103 2674 1174; x_wconf 86' lang='lat' dir='ltr'><strong>dialecticis</strong></span> 
     </span>
     <span class='ocr_line' id='line_1_8' title="bbox 518 1224 2675 1316; baseline 0 -22"><span class='ocrx_word' id='word_1_57' title='bbox 518 1224 903 1295; x_wconf 82' lang='lat' dir='ltr'><strong>ostendisti.</strong></span> <span class='ocrx_word' id='word_1_58' title='bbox 948 1224 1059 1293; x_wconf 78' lang='lat' dir='ltr'><strong>Ex</strong></span> <span class='ocrx_word' id='word_1_59' title='bbox 1100 1224 1423 1294; x_wconf 90' lang='lat' dir='ltr'><strong>omnibus</strong></span> <span class='ocrx_word' id='word_1_60' title='bbox 1468 1246 1662 1308; x_wconf 86' lang='lat' dir='ltr'><strong>sane,</strong></span> <span class='ocrx_word' id='word_1_61' title='bbox 1709 1246 1870 1316; x_wconf 83' lang='lat' dir='ltr'><strong>quae</strong></span> <span class='ocrx_word' id='word_1_62' title='bbox 1905 1225 1992 1295; x_wconf 93' lang='lat' dir='ltr'><strong>de</strong></span> <span class='ocrx_word' id='word_1_63' title='bbox 2037 1225 2218 1295; x_wconf 91' lang='lat' dir='ltr'><strong>illius</strong></span> <span class='ocrx_word' id='word_1_64' title='bbox 2272 1226 2675 1296; x_wconf 89' lang='lat' dir='ltr'><strong>raucissimo</strong></span> 
     </span>
     <span class='ocr_line' id='line_1_9' title="bbox 524 1344 2674 1437; baseline 0 -24"><span class='ocrx_word' id='word_1_65' title='bbox 524 1346 773 1415; x_wconf 90' lang='lat' dir='ltr'><strong>latratu</strong></span> <span class='ocrx_word' id='word_1_66' title='bbox 816 1345 1180 1435; x_wconf 80' lang='lat' dir='ltr'><strong>collegisse</strong></span> <span class='ocrx_word' id='word_1_67' title='bbox 1233 1355 1298 1415; x_wconf 91' lang='lat' dir='ltr'><strong>te</strong></span> <span class='ocrx_word' id='word_1_68' title='bbox 1349 1345 1549 1429; x_wconf 91' lang='lat' dir='ltr'><strong>dicis,</strong></span> <span class='ocrx_word' id='word_1_69' title='bbox 1605 1344 1736 1414; x_wconf 92' lang='lat' dir='ltr'><strong>hoc</strong></span> <span class='ocrx_word' id='word_1_70' title='bbox 1787 1346 2087 1437; x_wconf 91' lang='lat' dir='ltr'><strong>primum</strong></span> <span class='ocrx_word' id='word_1_71' title='bbox 2139 1356 2287 1417; x_wconf 92' lang='lat' dir='ltr'><strong>erat</strong></span> <span class='ocrx_word' id='word_1_72' title='bbox 2334 1355 2403 1415; x_wconf 92' lang='lat' dir='ltr'><strong>et</strong></span> <span class='ocrx_word' id='word_1_73' title='bbox 2453 1346 2674 1415; x_wconf 85' lang='lat' dir='ltr'><strong>maxi-</strong></span> 
     </span>
     <span class='ocr_line' id='line_1_10' title="bbox 522 1464 2672 1557; baseline 0.001 -24"><span class='ocrx_word' id='word_1_74' title='bbox 522 1488 733 1550; x_wconf 91' lang='lat' dir='ltr'><strong>mum,</strong></span> <span class='ocrx_word' id='word_1_75' title='bbox 779 1465 966 1557; x_wconf 91' lang='lat' dir='ltr'><strong>quod</strong></span> <span class='ocrx_word' id='word_1_76' title='bbox 1009 1464 1373 1536; x_wconf 90' lang='lat' dir='ltr'><strong>artificium</strong></span> <span class='ocrx_word' id='word_1_77' title='bbox 1415 1476 1733 1537; x_wconf 89' lang='lat' dir='ltr'><strong>nostrum</strong></span> <span class='ocrx_word' id='word_1_78' title='bbox 1776 1469 2083 1538; x_wconf 91' lang='lat' dir='ltr'><strong>omnium</strong></span> <span class='ocrx_word' id='word_1_79' title='bbox 2128 1469 2403 1538; x_wconf 91' lang='lat' dir='ltr'><strong>minime</strong></span> <span class='ocrx_word' id='word_1_80' title='bbox 2437 1489 2672 1537; x_wconf 89' lang='lat' dir='ltr'><strong>neces-</strong></span> 
     </span>
     <span class='ocr_line' id='line_1_11' title="bbox 519 1587 2673 1680; baseline -0 -24"><span class='ocrx_word' id='word_1_81' title='bbox 519 1587 1002 1669; x_wconf 81' lang='lat' dir='ltr'><strong>sariumdicit.</strong></span> <span class='ocrx_word' id='word_1_82' title='bbox 1048 1588 1225 1658; x_wconf 85' lang='lat' dir='ltr'><strong>Ecce</strong></span> <span class='ocrx_word' id='word_1_83' title='bbox 1267 1589 1398 1660; x_wconf 88' lang='lat' dir='ltr'><strong>iam</strong></span> <span class='ocrx_word' id='word_1_84' title='bbox 1443 1589 1668 1671; x_wconf 89' lang='lat' dir='ltr'><strong>virus,</strong></span> <span class='ocrx_word' id='word_1_85' title='bbox 1715 1588 1903 1680; x_wconf 92' lang='lat' dir='ltr'><strong>quod</strong></span> <span class='ocrx_word' id='word_1_86' title='bbox 1944 1588 2013 1656; x_wconf 92' lang='lat' dir='ltr'><strong>in</strong></span> <span class='ocrx_word' id='word_1_87' title='bbox 2056 1589 2208 1659; x_wconf 89' lang='lat' dir='ltr'><strong>aliis</strong></span> <span class='ocrx_word' id='word_1_88' title='bbox 2260 1588 2500 1658; x_wconf 77' lang='lat' dir='ltr'><strong>litteris</strong></span> <span class='ocrx_word' id='word_1_89' title='bbox 2544 1587 2673 1655; x_wconf 88' lang='lat' dir='ltr'><strong>mi·-</strong></span> 
     </span>
     <span class='ocr_line' id='line_1_12' title="bbox 514 1709 2672 1802; baseline 0.001 -25"><span class='ocrx_word' id='word_1_90' title='bbox 514 1709 835 1794; x_wconf 91' lang='lat' dir='ltr'><strong>nabatur‚</strong></span> <span class='ocrx_word' id='word_1_91' title='bbox 879 1710 1207 1780; x_wconf 88' lang='lat' dir='ltr'><strong>evomuit.</strong></span> <span class='ocrx_word' id='word_1_92' title='bbox 1239 1710 1376 1780; x_wconf 91' lang='lat' dir='ltr'><strong>Sed</strong></span> <span class='ocrx_word' id='word_1_93' title='bbox 1406 1719 1515 1781; x_wconf 90' lang='lat' dir='ltr'><strong>est</strong></span> <span class='ocrx_word' id='word_1_94' title='bbox 1548 1733 1635 1780; x_wconf 92' lang='lat' dir='ltr'><strong>ne</strong></span> <span class='ocrx_word' id='word_1_95' title='bbox 1671 1710 1823 1792; x_wconf 92' lang='lat' dir='ltr'><strong>hoc,</strong></span> <span class='ocrx_word' id='word_1_96' title='bbox 1855 1711 2042 1802; x_wconf 89' lang='lat' dir='ltr'><strong>quod</strong></span> <span class='ocrx_word' id='word_1_97' title='bbox 2067 1710 2138 1779; x_wconf 90' lang='lat' dir='ltr'><strong>in</strong></span> <span class='ocrx_word' id='word_1_98' title='bbox 2174 1710 2404 1780; x_wconf 90' lang='lat' dir='ltr'><strong>studia</strong></span> <span class='ocrx_word' id='word_1_99' title='bbox 2437 1718 2672 1780; x_wconf 90' lang='lat' dir='ltr'><strong>nostra</strong></span> 
     </span>
     <span class='ocr_line' id='line_1_13' title="bbox 517 1828 2674 1924; baseline -0 -25"><span class='ocrx_word' id='word_1_100' title='bbox 517 1851 593 1899; x_wconf 91' lang='lat' dir='ltr'><strong>se</strong></span> <span class='ocrx_word' id='word_1_101' title='bbox 659 1830 1093 1902; x_wconf 88' lang='lat' dir='ltr'><strong>invecturum</strong></span> <span class='ocrx_word' id='word_1_102' title='bbox 1162 1831 1634 1924; x_wconf 73' lang='lat' dir='ltr'><strong>praedixerat?</strong></span> <span class='ocrx_word' id='word_1_103' title='bbox 1681 1831 2024 1900; x_wconf 84' lang='lat' dir='ltr'><strong>Praeclare</strong></span> <span class='ocrx_word' id='word_1_104' title='bbox 2081 1830 2382 1923; x_wconf 91' lang='lat' dir='ltr'><strong>quidem.</strong></span> <span class='ocrx_word' id='word_1_105' title='bbox 2437 1828 2674 1899; x_wconf 89' lang='lat' dir='ltr'><strong>Artifi-</strong></span> 
     </span>
     <span class='ocr_line' id='line_1_14' title="bbox 518 1940 2670 2049; baseline -0 -29"><span class='ocrx_word' id='word_1_106' title='bbox 518 1950 730 2049; x_wconf 83' lang='lat' dir='ltr'><strong>cium,</strong></span> <span class='ocrx_word' id='word_1_107' title='bbox 765 1953 1014 2046; x_wconf 86' lang='lat' dir='ltr'><strong>inquit,</strong></span> <span class='ocrx_word' id='word_1_108' title='bbox 1046 1940 1357 2026; x_wconf 64' lang='lat' dir='ltr'><strong>{restrum</strong></span> <span class='ocrx_word' id='word_1_109' title='bbox 1385 1975 1478 2023; x_wconf 81' lang='lat' dir='ltr'><strong>ex</strong></span> <span class='ocrx_word' id='word_1_110' title='bbox 1510 1950 1835 2023; x_wconf 90' lang='lat' dir='ltr'><strong>omnibus</strong></span> <span class='ocrx_word' id='word_1_111' title='bbox 1865 1952 2144 2022; x_wconf 86' lang='lat' dir='ltr'><strong>minime</strong></span> <span class='ocrx_word' id='word_1_112' title='bbox 2177 1952 2670 2023; x_wconf 90' lang='lat' dir='ltr'><strong>necessarium.</strong></span> 
     </span>
     <span class='ocr_line' id='line_1_15' title="bbox 514 2072 2673 2165; baseline -0.001 -22"><span class='ocrx_word' id='word_1_113' title='bbox 514 2075 820 2144; x_wconf 91' lang='lat' dir='ltr'><strong>Primum</strong></span> <span class='ocrx_word' id='word_1_114' title='bbox 863 2077 950 2146; x_wconf 88' lang='lat' dir='ltr'><strong>de</strong></span> <span class='ocrx_word' id='word_1_115' title='bbox 991 2074 1281 2145; x_wconf 88' lang='lat' dir='ltr'><strong>artificio</strong></span> <span class='ocrx_word' id='word_1_116' title='bbox 1322 2074 1728 2144; x_wconf 80' lang='lat' dir='ltr'><strong>viderimus,</strong></span> <span class='ocrx_word' id='word_1_117' title='bbox 1771 2074 2017 2145; x_wconf 91' lang='lat' dir='ltr'><strong>Nescio</strong></span> <span class='ocrx_word' id='word_1_118' title='bbox 2064 2072 2246 2144; x_wconf 91' lang='lat' dir='ltr'><strong>enim</strong></span> <span class='ocrx_word' id='word_1_119' title='bbox 2296 2073 2467 2165; x_wconf 91' lang='lat' dir='ltr'><strong>quid</strong></span> <span class='ocrx_word' id='word_1_120' title='bbox 2507 2074 2673 2144; x_wconf 90' lang='lat' dir='ltr'><strong>arti-</strong></span> 
     </span>
     <span class='ocr_line' id='line_1_16' title="bbox 519 2193 2667 2286; baseline -0.001 -21"><span class='ocrx_word' id='word_1_121' title='bbox 519 2195 652 2267; x_wconf 86' lang='lat' dir='ltr'><strong>ficii</strong></span> <span class='ocrx_word' id='word_1_122' title='bbox 680 2198 881 2268; x_wconf 92' lang='lat' dir='ltr'><strong>nobis</strong></span> <span class='ocrx_word' id='word_1_123' title='bbox 910 2193 1272 2266; x_wconf 85' lang='lat' dir='ltr'><strong>attribuat:</strong></span> <span class='ocrx_word' id='word_1_124' title='bbox 1304 2193 1427 2264; x_wconf 92' lang='lat' dir='ltr'><strong>sed</strong></span> <span class='ocrx_word' id='word_1_125' title='bbox 1461 2205 1630 2284; x_wconf 92' lang='lat' dir='ltr'><strong>puto</strong></span> <span class='ocrx_word' id='word_1_126' title='bbox 1665 2196 1752 2265; x_wconf 88' lang='lat' dir='ltr'><strong>de</strong></span> <span class='ocrx_word' id='word_1_127' title='bbox 1778 2197 2043 2286; x_wconf 91' lang='lat' dir='ltr'><strong>poetica</strong></span> <span class='ocrx_word' id='word_1_128' title='bbox 2077 2219 2235 2267; x_wconf 90' lang='lat' dir='ltr'><strong>eum</strong></span> <span class='ocrx_word' id='word_1_129' title='bbox 2274 2195 2667 2283; x_wconf 89' lang='lat' dir='ltr'><strong>intelligere.</strong></span> 
     </span>
     <span class='ocr_line' id='line_1_17' title="bbox 512 2313 2668 2394; baseline -0.001 -10"><span class='ocrx_word' id='word_1_130' title='bbox 512 2318 702 2387; x_wconf 92' lang='lat' dir='ltr'><strong>Hanc</strong></span> <span class='ocrx_word' id='word_1_131' title='bbox 742 2315 1019 2384; x_wconf 91' lang='lat' dir='ltr'><strong>minime</strong></span> <span class='ocrx_word' id='word_1_132' title='bbox 1053 2313 1511 2384; x_wconf 89' lang='lat' dir='ltr'><strong>necessariam</strong></span> <span class='ocrx_word' id='word_1_133' title='bbox 1549 2313 1744 2394; x_wconf 89' lang='lat' dir='ltr'><strong>dicit;</strong></span> <span class='ocrx_word' id='word_1_134' title='bbox 1784 2338 1921 2383; x_wconf 92' lang='lat' dir='ltr'><strong>non</strong></span> <span class='ocrx_word' id='word_1_135' title='bbox 1955 2315 2240 2387; x_wconf 87' lang='lat' dir='ltr'><strong>inficior.</strong></span> <span class='ocrx_word' id='word_1_136' title='bbox 2269 2316 2459 2389; x_wconf 87' lang='lat' dir='ltr'><strong>Idem</strong></span> <span class='ocrx_word' id='word_1_137' title='bbox 2485 2314 2668 2385; x_wconf 91' lang='lat' dir='ltr'><strong>enim</strong></span> 
     </span>
     <span class='ocr_line' id='line_1_18' title="bbox 516 2437 1218 2509; baseline -0.006 -1"><span class='ocrx_word' id='word_1_138' title='bbox 516 2440 788 2509; x_wconf 91' lang='lat' dir='ltr'><strong>videtur</strong></span> <span class='ocrx_word' id='word_1_139' title='bbox 827 2445 898 2506; x_wconf 92' lang='lat' dir='ltr'><strong>et</strong></span> <span class='ocrx_word' id='word_1_140' title='bbox 936 2437 1218 2507; x_wconf 89' lang='lat' dir='ltr'><strong>nostris.</strong></span> 
     </span>
    </p>
   </div>
   <div class='ocr_carea' id='block_1_3' title="bbox 670 2621 2496 2704">
    <p class='ocr_par' dir='ltr' id='par_1_3' title="bbox 670 2621 2496 2704">
     <span class='ocr_line' id='line_1_19' title="bbox 670 2621 2496 2704; baseline 0.004 -23"><span class='ocrx_word' id='word_1_141' title='bbox 670 2621 942 2698; x_wconf 87' lang='lat' dir='ltr'><strong>Namque</strong></span> <span class='ocrx_word' id='word_1_142' title='bbox 977 2624 1198 2687; x_wconf 89' lang='lat' dir='ltr'><strong>animis</strong></span> <span class='ocrx_word' id='word_1_143' title='bbox 1232 2631 1441 2687; x_wconf 87' lang='lat' dir='ltr'><strong>natum</strong></span> <span class='ocrx_word' id='word_1_144' title='bbox 1484 2628 1927 2704; x_wconf 84' lang='lat' dir='ltr'><strong>inventumque</strong></span> <span class='ocrx_word' id='word_1_145' title='bbox 1962 2644 2178 2704; x_wconf 88' lang='lat' dir='ltr'><strong>poema</strong></span> <span class='ocrx_word' id='word_1_146' title='bbox 2215 2628 2496 2689; x_wconf 86' lang='lat' dir='ltr'><strong>iuvandis</strong></span> 
     </span>
    </p>
   </div>
   <div class='ocr_carea' id='block_1_4' title="bbox 500 2805 2746 4232">
    <p class='ocr_par' dir='ltr' id='par_1_4' title="bbox 500 2805 2746 4232">
     <span class='ocr_line' id='line_1_20' title="bbox 511 2805 2661 2898; baseline -0.001 -22"><span class='ocrx_word' id='word_1_147' title='bbox 511 2816 582 2876; x_wconf 87' lang='lat' dir='ltr'><strong>et</strong></span> <span class='ocrx_word' id='word_1_148' title='bbox 631 2806 913 2876; x_wconf 88' lang='lat' dir='ltr'><strong>Flaccus</strong></span> <span class='ocrx_word' id='word_1_149' title='bbox 966 2808 1115 2898; x_wconf 91' lang='lat' dir='ltr'><strong>ipse</strong></span> <span class='ocrx_word' id='word_1_150' title='bbox 1167 2816 1481 2889; x_wconf 87' lang='lat' dir='ltr'><strong>testatur,</strong></span> <span class='ocrx_word' id='word_1_151' title='bbox 1539 2818 1611 2877; x_wconf 90' lang='lat' dir='ltr'><strong>et</strong></span> <span class='ocrx_word' id='word_1_152' title='bbox 1661 2829 1772 2877; x_wconf 89' lang='lat' dir='ltr'><strong>res</strong></span> <span class='ocrx_word' id='word_1_153' title='bbox 1834 2809 1985 2898; x_wconf 90' lang='lat' dir='ltr'><strong>ipsa</strong></span> <span class='ocrx_word' id='word_1_154' title='bbox 2043 2807 2277 2876; x_wconf 87' lang='lat' dir='ltr'><strong>docuit</strong></span> <span class='ocrx_word' id='word_1_155' title='bbox 2326 2805 2661 2896; x_wconf 86' lang='lat' dir='ltr'><strong>poeticam</strong></span> 
     </span>
     <span class='ocr_line' id='line_1_21' title="bbox 507 2926 2664 3021; baseline -0.004 -21"><span class='ocrx_word' id='word_1_156' title='bbox 507 2928 953 3000; x_wconf 59' lang='lat' dir='ltr'><strong>delectationi·</strong></span> <span class='ocrx_word' id='word_1_157' title='bbox 979 2940 1186 3021; x_wconf 88' lang='lat' dir='ltr'><strong>atque</strong></span> <span class='ocrx_word' id='word_1_158' title='bbox 1224 2940 1630 3001; x_wconf 90' lang='lat' dir='ltr'><strong>ornamento</strong></span> <span class='ocrx_word' id='word_1_159' title='bbox 1668 2950 1855 3012; x_wconf 90' lang='lat' dir='ltr'><strong>esse,</strong></span> <span class='ocrx_word' id='word_1_160' title='bbox 1903 2950 2037 2997; x_wconf 89' lang='lat' dir='ltr'><strong>non</strong></span> <span class='ocrx_word' id='word_1_161' title='bbox 2080 2926 2474 2996; x_wconf 82' lang='lat' dir='ltr'><strong>necessitati</strong></span> <span class='ocrx_word' id='word_1_162' title='bbox 2515 2926 2664 2993; x_wconf 90' lang='lat' dir='ltr'><strong>edi-</strong></span> 
     </span>
     <span class='ocr_line' id='line_1_22' title="bbox 510 3047 2660 3142; baseline -0.002 -25"><span class='ocrx_word' id='word_1_163' title='bbox 510 3060 668 3120; x_wconf 87' lang='lat' dir='ltr'><strong>tam.</strong></span> <span class='ocrx_word' id='word_1_164' title='bbox 722 3052 931 3120; x_wconf 88' lang='lat' dir='ltr'><strong>Vivat</strong></span> <span class='ocrx_word' id='word_1_165' title='bbox 993 3074 1159 3142; x_wconf 86' lang='lat' dir='ltr'><strong>ergo</strong></span> <span class='ocrx_word' id='word_1_166' title='bbox 1211 3052 1608 3121; x_wconf 88' lang='lat' dir='ltr'><strong>dialecticus</strong></span> <span class='ocrx_word' id='word_1_167' title='bbox 1665 3060 1855 3132; x_wconf 84' lang='lat' dir='ltr'><strong>tuuS,</strong></span> <span class='ocrx_word' id='word_1_168' title='bbox 1908 3057 1978 3119; x_wconf 89' lang='lat' dir='ltr'><strong>et</strong></span> <span class='ocrx_word' id='word_1_169' title='bbox 2027 3047 2333 3117; x_wconf 85' lang='lat' dir='ltr'><strong>cornutis</strong></span> <span class='ocrx_word' id='word_1_170' title='bbox 2388 3066 2660 3136; x_wconf 86' lang='lat' dir='ltr'><strong>semper</strong></span> 
     </span>
     <span class='ocr_line' id='line_1_23' title="bbox 508 3149 2658 3264; baseline -0.003 -24"><span class='ocrx_word' id='word_1_171' title='bbox 508 3171 744 3240; x_wconf 86' lang='lat' dir='ltr'><strong>affluat</strong></span> <span class='ocrx_word' id='word_1_172' title='bbox 787 3172 1238 3264; x_wconf 79' lang='lat' dir='ltr'><strong>syllogismiS,</strong></span> <span class='ocrx_word' id='word_1_173' title='bbox 1283 3173 1563 3264; x_wconf 90' lang='lat' dir='ltr'><strong>quando</strong></span> <span class='ocrx_word' id='word_1_174' title='bbox 1602 3180 1673 3241; x_wconf 89' lang='lat' dir='ltr'><strong>et</strong></span> <span class='ocrx_word' id='word_1_175' title='bbox 1714 3149 2074 3240; x_wconf 85' lang='lat' dir='ltr'><strong>nobiscum</strong></span> <span class='ocrx_word' id='word_1_176' title='bbox 2130 3167 2359 3250; x_wconf 86' lang='lat' dir='ltr'><strong>sentit,</strong></span> <span class='ocrx_word' id='word_1_177' title='bbox 2403 3174 2473 3236; x_wconf 89' lang='lat' dir='ltr'><strong>et</strong></span> <span class='ocrx_word' id='word_1_178' title='bbox 2522 3187 2658 3235; x_wconf 91' lang='lat' dir='ltr'><strong>non</strong></span> 
     </span>
     <span class='ocr_line' id='line_1_24' title="bbox 501 3288 2665 3382; baseline -0.002 -22"><span class='ocrx_word' id='word_1_179' title='bbox 501 3300 610 3360; x_wconf 86' lang='lat' dir='ltr'><strong>est</strong></span> <span class='ocrx_word' id='word_1_180' title='bbox 652 3292 933 3381; x_wconf 89' lang='lat' dir='ltr'><strong>ignarus</strong></span> <span class='ocrx_word' id='word_1_181' title='bbox 977 3294 1309 3376; x_wconf 89' lang='lat' dir='ltr'><strong>omnium,</strong></span> <span class='ocrx_word' id='word_1_182' title='bbox 1353 3303 1431 3362; x_wconf 90' lang='lat' dir='ltr'><strong>ut</strong></span> <span class='ocrx_word' id='word_1_183' title='bbox 1473 3293 1698 3364; x_wconf 91' lang='lat' dir='ltr'><strong>rebar.</strong></span> <span class='ocrx_word' id='word_1_184' title='bbox 1729 3292 1864 3362; x_wconf 92' lang='lat' dir='ltr'><strong>Sed</strong></span> <span class='ocrx_word' id='word_1_185' title='bbox 1898 3311 2338 3382; x_wconf 87' lang='lat' dir='ltr'><strong>nequaquam</strong></span> <span class='ocrx_word' id='word_1_186' title='bbox 2379 3288 2490 3357; x_wconf 90' lang='lat' dir='ltr'><strong>his</strong></span> <span class='ocrx_word' id='word_1_187' title='bbox 2531 3297 2665 3356; x_wconf 86' lang='lat' dir='ltr'><strong>ter-</strong></span> 
     </span>
     <span class='ocr_line' id='line_1_25' title="bbox 506 3408 2664 3500; baseline -0.002 -19"><span class='ocrx_word' id='word_1_188' title='bbox 506 3412 710 3482; x_wconf 89' lang='lat' dir='ltr'><strong>minis</strong></span> <span class='ocrx_word' id='word_1_189' title='bbox 761 3414 1146 3484; x_wconf 88' lang='lat' dir='ltr'><strong>continetur</strong></span> <span class='ocrx_word' id='word_1_190' title='bbox 1197 3424 1498 3499; x_wconf 82' lang='lat' dir='ltr'><strong>torrenS,</strong></span> <span class='ocrx_word' id='word_1_191' title='bbox 1543 3423 1613 3484; x_wconf 92' lang='lat' dir='ltr'><strong>et</strong></span> <span class='ocrx_word' id='word_1_192' title='bbox 1663 3412 2010 3484; x_wconf 85' lang='lat' dir='ltr'><strong>fervidum</strong></span> <span class='ocrx_word' id='word_1_193' title='bbox 2062 3411 2437 3500; x_wconf 80' lang='lat' dir='ltr'><strong>ingenium.</strong></span> <span class='ocrx_word' id='word_1_194' title='bbox 2483 3408 2664 3489; x_wconf 85' lang='lat' dir='ltr'><strong>Quid</strong></span> 
     </span>
     <span class='ocr_line' id='line_1_26' title="bbox 502 3531 2665 3632; baseline -0.004 -28"><span class='ocrx_word' id='word_1_195' title='bbox 502 3538 716 3625; x_wconf 75' lang='lat' dir='ltr'><strong>ergo?</strong></span> <span class='ocrx_word' id='word_1_196' title='bbox 765 3535 1108 3626; x_wconf 89' lang='lat' dir='ltr'><strong>Rapidum</strong></span> <span class='ocrx_word' id='word_1_197' title='bbox 1158 3538 1603 3632; x_wconf 84' lang='lat' dir='ltr'><strong>enthymema</strong></span> <span class='ocrx_word' id='word_1_198' title='bbox 1655 3541 2084 3625; x_wconf 89' lang='lat' dir='ltr'><strong>contorquet.</strong></span> <span class='ocrx_word' id='word_1_199' title='bbox 2142 3531 2211 3600; x_wconf 91' lang='lat' dir='ltr'><strong>Si</strong></span> <span class='ocrx_word' id='word_1_200' title='bbox 2263 3531 2493 3600; x_wconf 91' lang='lat' dir='ltr'><strong>minus</strong></span> <span class='ocrx_word' id='word_1_201' title='bbox 2548 3550 2665 3597; x_wconf 92' lang='lat' dir='ltr'><strong>ne-</strong></span> 
     </span>
     <span class='ocr_line' id='line_1_27' title="bbox 500 3649 2746 3749; baseline -0.004 -25"><span class='ocrx_word' id='word_1_202' title='bbox 500 3658 803 3727; x_wconf 88' lang='lat' dir='ltr'><strong>cessaria</strong></span> <span class='ocrx_word' id='word_1_203' title='bbox 845 3658 1093 3749; x_wconf 88' lang='lat' dir='ltr'><strong>inquit,</strong></span> <span class='ocrx_word' id='word_1_204' title='bbox 1138 3666 1207 3727; x_wconf 89' lang='lat' dir='ltr'><strong>et</strong></span> <span class='ocrx_word' id='word_1_205' title='bbox 1247 3658 1476 3727; x_wconf 89' lang='lat' dir='ltr'><strong>minus</strong></span> <span class='ocrx_word' id='word_1_206' title='bbox 1521 3656 1794 3726; x_wconf 90' lang='lat' dir='ltr'><strong>nobilis.</strong></span> <span class='ocrx_word' id='word_1_207' title='bbox 1840 3656 1946 3725; x_wconf 89' lang='lat' dir='ltr'><strong>Oh</strong></span> <span class='ocrx_word' id='word_1_208' title='bbox 1998 3675 2206 3745; x_wconf 91' lang='lat' dir='ltr'><strong>quam</strong></span> <span class='ocrx_word' id='word_1_209' title='bbox 2261 3653 2437 3721; x_wconf 88' lang='lat' dir='ltr'><strong>male</strong></span> <span class='ocrx_word' id='word_1_210' title='bbox 2490 3649 2661 3739; x_wconf 85' lang='lat' dir='ltr'><strong>tegi·</strong></span> <span class='ocrx_word' id='word_1_211' title='bbox 2736 3691 2746 3704; x_wconf 81' lang='lat'><strong>·</strong></span> 
     </span>
     <span class='ocr_line' id='line_1_28' title="bbox 506 3773 2668 3865; baseline -0.002 -22"><span class='ocrx_word' id='word_1_212' title='bbox 506 3787 615 3844; x_wconf 90' lang='lat' dir='ltr'><strong>tur</strong></span> <span class='ocrx_word' id='word_1_213' title='bbox 646 3778 943 3848; x_wconf 86' lang='lat' dir='ltr'><strong>insania!</strong></span> <span class='ocrx_word' id='word_1_214' title='bbox 993 3779 1135 3849; x_wconf 91' lang='lat' dir='ltr'><strong>Iam</strong></span> <span class='ocrx_word' id='word_1_215' title='bbox 1181 3800 1256 3848; x_wconf 87' lang='lat' dir='ltr'><strong>se</strong></span> <span class='ocrx_word' id='word_1_216' title='bbox 1292 3801 1426 3848; x_wconf 92' lang='lat' dir='ltr'><strong>non</strong></span> <span class='ocrx_word' id='word_1_217' title='bbox 1461 3777 1894 3849; x_wconf 90' lang='lat' dir='ltr'><strong>dialecticum</strong></span> <span class='ocrx_word' id='word_1_218' title='bbox 1931 3775 2162 3858; x_wconf 88' lang='lat' dir='ltr'><strong>modo,</strong></span> <span class='ocrx_word' id='word_1_219' title='bbox 2211 3773 2334 3843; x_wconf 88' lang='lat' dir='ltr'><strong>sed</strong></span> <span class='ocrx_word' id='word_1_220' title='bbox 2369 3773 2668 3865; x_wconf 86' lang='lat' dir='ltr'><strong>phrene-</strong></span> 
     </span>
     <span class='ocr_line' id='line_1_29' title="bbox 506 3894 2662 3989; baseline -0.001 -30"><span class='ocrx_word' id='word_1_221' title='bbox 506 3894 709 3961; x_wconf 87' lang='lat' dir='ltr'><strong>ticum</strong></span> <span class='ocrx_word' id='word_1_222' title='bbox 737 3899 1055 3988; x_wconf 86' lang='lat' dir='ltr'><strong>ostendit.</strong></span> <span class='ocrx_word' id='word_1_223' title='bbox 1088 3901 1276 3989; x_wconf 91' lang='lat' dir='ltr'><strong>Ergo</strong></span> <span class='ocrx_word' id='word_1_224' title='bbox 1314 3899 1580 3968; x_wconf 88' lang='lat' dir='ltr'><strong>sutrina</strong></span> <span class='ocrx_word' id='word_1_225' title='bbox 1614 3909 1682 3968; x_wconf 91' lang='lat' dir='ltr'><strong>et</strong></span> <span class='ocrx_word' id='word_1_226' title='bbox 1717 3898 2033 3989; x_wconf 91' lang='lat' dir='ltr'><strong>pistrina,</strong></span> <span class='ocrx_word' id='word_1_227' title='bbox 2065 3906 2133 3966; x_wconf 89' lang='lat' dir='ltr'><strong>et</strong></span> <span class='ocrx_word' id='word_1_228' title='bbox 2169 3894 2662 3965; x_wconf 90' lang='lat' dir='ltr'><strong>vilissimarum</strong></span> 
     </span>
     <span class='ocr_line' id='line_1_30' title="bbox 502 4012 2659 4113; baseline 0 -34"><span class='ocrx_word' id='word_1_229' title='bbox 502 4012 1055 4088; x_wconf 88' lang='lat' dir='ltr'><strong>mechanicarum</strong></span> <span class='ocrx_word' id='word_1_230' title='bbox 1099 4020 1350 4090; x_wconf 88' lang='lat' dir='ltr'><strong>artium</strong></span> <span class='ocrx_word' id='word_1_231' title='bbox 1395 4019 1491 4111; x_wconf 84' lang='lat' dir='ltr'><strong>(si</strong></span> <span class='ocrx_word' id='word_1_232' title='bbox 1534 4018 1915 4088; x_wconf 88' lang='lat' dir='ltr'><strong>necessitas</strong></span> <span class='ocrx_word' id='word_1_233' title='bbox 1960 4016 2319 4087; x_wconf 86' lang='lat' dir='ltr'><strong>nobilitare</strong></span> <span class='ocrx_word' id='word_1_234' title='bbox 2357 4015 2508 4081; x_wconf 90' lang='lat' dir='ltr'><strong>illas</strong></span> <span class='ocrx_word' id='word_1_235' title='bbox 2539 4030 2659 4113; x_wconf 85' lang='lat' dir='ltr'><strong>po-</strong></span> 
     </span>
     <span class='ocr_line' id='line_1_31' title="bbox 501 4133 2664 4232; baseline -0.002 -31"><span class='ocrx_word' id='word_1_236' title='bbox 501 4133 663 4226; x_wconf 69' lang='lat' dir='ltr'><strong>test)</strong></span> <span class='ocrx_word' id='word_1_237' title='bbox 711 4135 1158 4232; x_wconf 59' lang='lat' dir='ltr'><strong>nobilissima?</strong></span> <span class='ocrx_word' id='word_1_238' title='bbox 1210 4142 1519 4211; x_wconf 89' lang='lat' dir='ltr'><strong>omnium</strong></span> <span class='ocrx_word' id='word_1_239' title='bbox 1575 4139 1761 4209; x_wconf 87' lang='lat' dir='ltr'><strong>fient.</strong></span> <span class='ocrx_word' id='word_1_240' title='bbox 1815 4138 2264 4229; x_wconf 89' lang='lat' dir='ltr'><strong>Philosophia</strong></span> <span class='ocrx_word' id='word_1_241' title='bbox 2313 4143 2541 4203; x_wconf 87' lang='lat' dir='ltr'><strong>autem</strong></span> <span class='ocrx_word' id='word_1_242' title='bbox 2595 4140 2664 4197; x_wconf 88' lang='lat' dir='ltr'><strong>et</strong></span> 
     </span>
    </p>
   </div>
  </div>
 </body>
</html>
