3104 4805
906 364 1094 414 unssn
1137 365 1876 424 omarus-snsrom
1917 371 2020 418 xv.
2425 358 2546 423 243

381 512 670 599 imitari,
706 513 829 606 qui
862 515 1096 586 omnia
1128 516 1565 610 pollicentur,
1612 516 1787 590 nihil
1841 525 2207 612 praestant,
2248 522 2546 596 faciunt-

383 659 524 730 que
572 644 652 708 ut
698 637 935 710 omnia
972 641 1466 712 contrectando
1505 650 1738 733 atque,
1802 650 1880 713 ut
1925 641 2022 715 ait
2061 646 2394 731 comicus,
2440 647 2545 718 in-

384 759 787 850 telligendo,
825 759 996 831 nihil
1046 759 1452 854 intelligant.
1494 763 1819 836 Graeoum
1859 774 2071 837 vetus
2120 776 2196 838 et
2243 771 2548 843 salutare

386 881 837 978 proverbium
887 891 1027 953 est:
1086 880 1306 972 Quam
1352 886 1623 977 quisque
1670 888 1862 959 novit
1897 898 2128 973 artem,
2183 892 2260 960 in
2307 895 2428 966 hac
2480 919 2550 967 se

388 1018 717 1082 emerceac.
761 1007 953 1078 Vale.

1389 1215 1547 1225 ———

1196 1456 1554 1521 EPISTOLA
1598 1457 1738 1520 XVI.

433 1668 818 1720 PRANCISCUS
853 1667 1190 1719 PETRARGA
1224 1667 1490 1720 IOHANNI
1527 1671 1803 1720 ANDREAE
1837 1672 2220 1723 BONONIENSI
2254 1674 2304 1724 S.
2342 1674 2398 1724 P.
2437 1676 2496 1724 D.

754 1871 1011 1926 Severius
1041 1870 1192 1926 idem
1216 1869 1330 1941 agit
1359 1869 1510 1942 quod
1538 1869 1598 1925 in
1625 1869 1858 1941 epistola
1884 1870 2175 1942 superiori.

633 2114 743 2184 Sic
793 2124 906 2185 est
954 2125 1031 2187 ιιι
1079 2113 1453 2209 putabam;
1521 2113 1809 2187 libertas
1857 2115 2032 2186 iram
2083 2117 2379 2210 peperit,
2434 2139 2556 2189 ve-

389 2238 557 2310 ritas
623 2237 892 2320 odium,
961 2236 1339 2309 admonitio
1402 2237 1778 2310 fastidium.
1847 2236 1989 2309 Sed
2060 2236 2231 2330 quid
2303 2242 2556 2331 agam?

390 2357 620 2431 Verba
691 2379 834 2430 non
908 2358 1222 2431 redeunt.
1299 2359 1627 2433 Blandior
1701 2358 2025 2446 fuissem,
2105 2361 2165 2434 si
2218 2371 2285 2433 te
2358 2361 2557 2432 blan-

387 2481 579 2553 ditiis
660 2480 994 2553 delectari
1084 2481 1484 2555 crederem:
1574 2482 1715 2555 imo
1795 2505 1967 2556 vero
2043 2484 2362 2563 severior
2387 2537 2403 2566 ,
2486 2493 2558 2553 et

388 2604 575 2675 huno
627 2604 854 2697 ipsum
899 2603 1220 2676 affectum
1262 2604 1334 2676 in
1402 2604 1559 2677 viro
1616 2605 1773 2677 forti
1831 2606 2207 2677 femineum
2267 2604 2557 2678 liberius

390 2726 804 2817 arguissem.
847 2726 1046 2797 Nunc
1082 2726 1441 2817 quoniam,
1494 2735 1576 2798 ιιι
1614 2727 1850 2813 video,
1904 2726 2228 2800 amicitiae
2278 2725 2557 2798 inimica

388 2846 674 2920 libertas
715 2856 854 2932 est,
897 2847 1072 2918 sorte
1109 2845 1497 2920 consultius
1533 2869 1815 2939 agerem
1858 2846 1916 2918 si
1958 2857 2293 2928 taoerem3
2320 2846 2449 2918 sed
2487 2845 2559 2917 id

389 2991 668 3062 quoque
717 2978 1099 3061 permetuo.
1142 2960 1271 3039 Est
1311 2967 1431 3040 ubi
1486 2968 1836 3041 silentium
1878 2968 2084 3040 bilem
2126 2980 2379 3042 movet.
2422 2969 2560 3041 Lo-

389 3112 566 3182 quar
603 3111 777 3182 ergo
816 3111 904 3161 ne
944 3112 1196 3162 rursus
1262 3089 1611 3162 offendam
1637 3145 1652 3173 ,
1724 3090 1853 3163 sed
1910 3098 2049 3163 tam
2128 3089 2436 3165 breviter
2482 3100 2558 3162 ιιι

392 3223 706 3284 ooaotum
756 3211 1061 3284 noveris.
1102 3212 1412 3284 Primum
1454 3232 1591 3302 ego
1632 3219 1701 3283 te
1734 3211 2038 3283 iudicem
2077 3212 2206 3283 feci
2247 3211 2558 3282 omnium

392 3353 553 3425 quae
602 3332 782 3417 dixi,
820 3346 941 3406 aut
990 3332 1252 3405 dicam:
1308 3341 1384 3403 tu
1425 3332 1840 3405 sententiam
1882 3332 2172 3405 brevem
2223 3335 2395 3414 fers,
2449 3351 2559 3401 er-

360 3473 594 3524 .rasse
641 3475 753 3525 me
793 3455 862 3524 in
903 3453 1360 3549 quibusdam,
1415 3452 1487 3523 in
1541 3452 1780 3525 multis
1807 3506 1824 3537 ,
1877 3451 1949 3523 in
1987 3452 2334 3525 omnibus.
2373 3451 2559 3523 Gau-

387 3580 526 3654 ‘deo
574 3582 932 3674 equidem,
995 3603 1109 3652 me
1172 3579 1403 3675 potius
1452 3600 1733 3650 errasse
1784 3600 1998 3679 quam
2050 3588 2155 3661 te,
2232 3599 2319 3650 eo
2368 3578 2560 3670 quod

391 3703 829 3796 apparentior
875 3713 987 3776 est
1034 3703 1262 3774 omnis
1303 3702 1374 3773 in
1424 3703 1577 3774 luce
1636 3699 2071 3785 deformitaS,
2132 3710 2204 3771 et
2252 3721 2447 3772 error
2486 3699 2555 3771 in

394 3845 564 3896 sene
602 3825 1060 3920 desperatior.
1116 3827 1253 3898 Sed
1301 3835 1533 3899 tamen
1572 3833 1686 3897 est
1731 3822 1992 3917 aliquid
2030 3822 2220 3917 quod
2259 3823 2556 3917 amplius

393 3946 767 4038 requiram.
812 3946 1006 4020 Ades
1047 3970 1246 4041 ergo,
1288 3949 1379 4020 ad
1429 3947 1729 4020 tribunal
1772 3955 1967 4019 tuum
2017 3966 2341 4041 provoco.
2389 3945 2559 4018 Nul-

395 4067 478 4139 lis
528 4069 1017 4144 assessoribus
1058 4092 1236 4165 opus
1269 4082 1415 4154 est3
1471 4072 1664 4143 solus
1708 4068 1877 4141 sede
1920 4077 2015 4140 tu.
2057 4068 2556 4164 Hieronymum

396 4193 686 4279 praefers
729 4192 1177 4285 August-ino?
1226 4195 1369 4267 Hoc
1420 4193 1728 4268 sciebam
1755 4219 1770 4277 3
1801 4193 1952 4266 'sed
2002 4216 2154 4267 eam
2208 4215 2415 4288 quam
2459 4195 2558 4261 al·-
