3104 4805
581 386 700 447 366
1245 399 1328 445 DE
1373 398 1574 447 annus
1618 397 2055 446 mmuAmBUS

577 552 818 613 cuerat
844 561 1000 611 sese
1037 539 1286 611 obtulit
1323 551 1774 632 experrecto:
1818 538 2023 610 huius
2062 560 2233 629 ergo
2268 538 2633 609 sententiae
2662 547 2725 607 tv

579 662 978 757 participem
1022 660 1225 746 facio,
1274 660 1394 754 qui
1442 660 1789 755 particeps
1834 659 2080 732 somnii
2122 658 2496 730 videbaris,
2536 660 2725 731 Vale.

861 810 987 864 xlx
1017 810 1140 865 Kal.
1176 810 1503 866 Februarias
1528 811 1599 865 ad
1626 826 1904 865 auroram.

1400 1230 1752 1294 EPISTOLA
1800 1230 1888 1293 lV.

663 1418 1046 1470 Fnfflclscus
1089 1418 1422 1468 PETRARCA
1468 1420 1734 1468 IOHANNI
1775 1420 1874 1469 EP.
1919 1418 2337 1470 TnchS'rmNo
2378 1424 2431 1472 S.
2474 1426 2529 1472 P.
2572 1425 2629 1472 D.

844 1579 1180 1635 Ordinandis
1210 1578 1490 1634 Ciceronis
1514 1580 1775 1652 operibus
1803 1581 2027 1650 annuit,
2057 1585 2111 1634 et
2138 1581 2451 1653 proximum

1155 1669 1242 1723 sui
1269 1669 1510 1724 reditum
1539 1669 1597 1723 in
1626 1668 1839 1724 Italiam
1870 1670 2113 1723 nunciat.

757 1894 1114 1968 Petitionis
1158 1906 1295 1965 tuae
1336 1915 1622 1976 memor,
1668 1894 2132 1987 promissique
2184 1896 2318 1965 mei
2370 1917 2507 1966 non
2549 1896 2721 1968 obli-

565 2028 707 2100 ωε,
737 2016 1018 2101 Italiam,
1048 2017 1201 2088 sive
1248 2017 1367 2112 (ne
1402 2016 1851 2110 grammatica
1884 2018 1999 2088 lite
2041 2018 2367 2111 implicer,
2407 2040 2615 2112 quam
2651 2021 2717 2090 in

563 2139 876 2236 epistolis
937 2141 1250 2214 Ciceroni
1292 2165 1420 2215 suo
1462 2153 1702 2214 movet
1750 2140 2055 2236 Atticus)
2101 2141 2170 2211 in
2211 2143 2473 2213 Italiam
2517 2143 2715 2215 vado.

563 2263 720 2335 Scio
767 2264 1047 2357 quidem
1096 2273 1170 2335 et
1215 2265 1496 2337 memini
1545 2265 1718 2359 quid
1780 2288 1890 2336 me
1951 2262 2043 2337 de
2099 2265 2321 2357 ipsius
2374 2267 2718 2338 Ciceronis

563 2386 755 2458 libris
798 2386 868 2458 in
918 2385 1158 2459 ordine
1210 2388 1638 2481 redigendis,
1694 2398 1766 2461 et
1819 2389 2312 2483 quarumdam,
2369 2400 2444 2463 ut
2492 2390 2720 2464 dicere

563 2511 777 2591 soleS,
815 2509 1029 2581 veluti
1073 2509 1519 2582 scintillarum
1571 2513 1829 2583 lumine
1869 2513 2332 2598 declarandis,
2381 2537 2566 2607 saepc
2609 2535 2721 2584 ro-

561 2652 903 2722 gaveras:
948 2629 1259 2714 demum,
1305 2655 1444 2724 quo
1492 2633 1971 2705 ineluctabiles
2024 2658 2267 2728 preces
2320 2648 2588 2722 essent,
2647 2648 2720 2707 ut

560 2755 910 2824 Romanus
947 2753 1276 2836 Pontifex,
1315 2754 1434 2845 qui
1469 2755 1761 2825 fervoris
1800 2757 1897 2825 tui
1932 2757 2256 2829 conscius
2293 2759 2472 2828 hanc
2504 2781 2719 2850 gene-

557 2896 788 2946 rosam
830 2875 1268 2947 bibliothecae
1311 2897 1462 2947 suae
1514 2875 1904 2947 custodiam
1958 2879 2050 2949 ita
2100 2877 2215 2947 tibi
2265 2879 2582 2963 credidit,
2642 2891 2717 2950 ut

556 2998 716 3068 olim
782 2999 1003 3069 nostri
1067 2998 1413 3095 principes
1489 2999 1705 3070 Iulius
1780 3000 2018 3070 Caesar
2093 3001 2325 3070 Marco
2388 3002 2707 3084 Varroni,

559 3122 796 3193 Caesar
858 3120 1225 3214 Augustus
1298 3122 1622 3215 Pompeio
1679 3123 1951 3207 Macro,
2014 3133 2087 3194 et
2150 3145 2277 3194 rex
2344 3123 2710 3218 AEgyptius

556 3249 969 3319 Ptolemaeus
1043 3245 1537 3341 Philadelphus
1615 3247 1963 3318 Demetrio
2032 3248 2364 3318 Phalereo
2430 3246 2716 3316 commi-

560 3371 742 3443 sisse
791 3382 1199 3455 noscuntur,
1260 3392 1501 3443 curam
1568 3389 1856 3464 prorsus
1905 3369 2183 3463 ingenio
2234 3379 2354 3442 tuo
2400 3370 2712 3463 dignam,

558 3504 635 3565 ut
682 3495 1063 3578 Romanus,
1109 3494 1428 3588 inquam,
1469 3493 1788 3566 Pontifex
1828 3491 2244 3584 digredienti
2286 3494 2454 3564 mihi
2512 3514 2717 3563 suum

558 3616 690 3688 hac
752 3617 823 3687 in
895 3639 971 3690 re
1035 3617 1555 3690 modestissime
1616 3616 1950 3688 indicaret
2009 3617 2344 3702 animum,
2407 3614 2715 3688 effecisti.

558 3738 738 3823 Quid
768 3740 1108 3812 facerem?
1149 3742 1400 3812 Notum
1444 3741 1602 3812 licet
1635 3739 1854 3833 'ignoti
1898 3750 2122 3834 poetae
2161 3763 2473 3813 carmen:

877 3932 979 3992 Est
1012 3947 1189 3993 orare
1221 3931 1445 3994 ducum
1482 3931 1711 4010 specics
1747 3931 2005 3994 violenta
2041 3932 2317 4008 iubendi3

958 4028 1032 4090 Et
1064 4029 1237 4107 quasi
1271 4028 1491 4090 nudato
1526 4030 1821 4109 supplicat
1853 4046 1995 4093 ense
2028 4039 2258 4110 potens.

557 4223 822 4295 Parebo
865 4225 920 4294 si
963 4237 1224 4315 potero.
1284 4230 1456 4300 Nam
1499 4240 1573 4300 et
1620 4230 1749 4300 sibi
1801 4252 2045 4324 parere
2094 4231 2588 4312 necessarium,
2645 4241 2713 4300 ct.
