3104 4805
597 367 716 429 108
1267 377 1348 426 DE
1390 376 1593 425 manus
1636 376 2079 426 mmnumnus

595 545 763 619 pore
802 521 963 594 data
1001 531 1132 605 est,
1178 531 1256 591 ut
1292 543 1385 591 ex
1423 521 1578 592 eius
1620 523 1967 594 consortio
2008 524 2228 594 multa
2268 524 2520 616 patiar,
2562 525 2759 597 aliter

593 669 731 718 non
771 665 1134 739 passurus.
1178 644 1614 715 Secretorum
1655 654 1925 715 naturae
1967 646 2292 717 conscius
2331 647 2583 731 Poeta,
2639 646 2758 718 ubi

595 768 958 841 animabus
1001 767 1325 838 humanis
1368 766 1600 837 inesse
1639 766 2007 859 quemdam
2060 767 2342 858 igneum
2394 771 2709 861 vigorem
2737 827 2752 855 ‚

593 904 662 965 et
699 892 1050 964 coelestem
1093 890 1273 962 dixit
1309 889 1670 980 originem,
1713 889 2123 984 excipiendo
2165 891 2560 965 subiunxit:

1332 1102 1641 1175 Quantum
1668 1120 1790 1165 non
1827 1103 2007 1166 noxia
2042 1121 2301 1185 corpora
2336 1110 2597 1186 tardant,

754 1204 1134 1281 Terrenique
1157 1202 1438 1265 hebetant
1470 1208 1639 1263 artus
1672 1204 2160 1282 moribundaque
2195 1207 2497 1268 membra:

756 1303 910 1365 Hinc
941 1306 1246 1376 metuunt,
1281 1301 1689 1379 cupiuntque,
1724 1300 1952 1376 dolent,
1988 1302 2396 1380 gaudentque,
2432 1319 2542 1365 nec
2576 1321 2758 1368 auras

750 1401 1099 1481 Respiciunt
1129 1402 1348 1463 clausae
1381 1400 1651 1463 tenebris
1684 1406 1744 1463 et
1776 1416 2022 1463 carcere
2056 1417 2235 1464 caec0.

599 1636 711 1706 Sic
749 1655 940 1705 eram
982 1633 1192 1724 igitur
1232 1631 1617 1719 admiranS,
1664 1634 1851 1728 quod
1891 1635 1979 1706 de
2022 1644 2116 1719 te,
2162 1646 2321 1729 post
2359 1633 2754 1726 digressum

601 1769 833 1843 tuum,
885 1778 1089 1828 aures
1140 1779 1334 1828 meas
1390 1757 1624 1827 nullus
1680 1779 1918 1828 rumor
1963 1746 2561 1851 impulerat3'dum
2601 1780 2759 1829 ecce

596 1882 843 1952 litterae
886 1892 1024 1952 tuae
1066 1881 1235 1951 mihi
1276 1881 1528 1952 oblatae
1574 1890 1755 1952 sunt.
1812 1881 2087 1972 Agnovi
2138 1880 2446 1972 signum,
2481 1891 2570 1954 ·et
2618 1883 2754 1953 iam

599 2006 908 2078 securior
948 2005 1102 2095 legi.
1148 2005 1526 2088 Caeterum,
1554 2006 1719 2096 quia
1742 2005 2027 2076 nuntius
2069 2003 2321 2076 mirum
2365 2004 2435 2075 in
2475 2004 2752 2077 modum

595 2127 992 2210 festinabat,
1035 2136 1106 2196 et
1144 2146 1258 2195 res
1300 2125 1618 2216 pluribus
1671 2127 1911 2198 verbis
1951 2150 2159 2220 egere
2206 2125 2603 2213 videbatur,
2649 2150 2757 2198 re-

598 2250 1040 2344 sponsionem
1107 2244 1343 2316 distuli
1410 2247 1479 2315 in
1544 2246 1728 2317 diem
1783 2250 2107 2332 alterum;
2161 2272 2371 2342 quam
2421 2249 2554 2321 iam
2598 2249 2759 2319 hinc

598 2369 1004 2464 tripartitam
1044 2372 1187 2440 fore
1228 2367 1612 2459 praevideO,
1670 2367 1858 2462 quod
1910 2378 2027 2442 tua
2077 2393 2356 2464 quoque
2405 2371 2493 2444 de
2543 2370 2758 2442 rebus

599 2491 812 2563 variis
854 2489 1103 2583 triplex
1134 2501 1243 2562 est
1284 2494 1588 2584 querela.
1626 2492 1882 2577 Unum,
1909 2492 2101 2584 quod
2132 2492 2438 2566 breviter
2472 2493 2606 2566 dici
2639 2515 2763 2586 po-

600 2621 797 2697 terat,
829 2634 965 2682 non
997 2613 1125 2684 fuit
1147 2613 1513 2684 consilium
1549 2613 1857 2696 differre3
1893 2637 2004 2685 me
2040 2615 2299 2687 scilicet
2321 2626 2760 2708 peecatorum

598 2756 907 2805 meorum
950 2734 1151 2806 nodis
1193 2733 1620 2827 implicitum,
1667 2735 1976 2804 nondum
2012 2736 2081 2806 in
2123 2747 2397 2827 portum
2448 2739 2761 2829 potuisse

596 2859 998 2949 confugere3
1043 2857 1169 2930 sed
1209 2859 1279 2928 in
1320 2858 1565 2930 eadem
1611 2865 2041 2949 tempestate,
2073 2879 2214 2949 qua
2237 2880 2348 2927 me
2388 2857 2756 2932 discedens

599 2981 963 3073 reliquisti,
1007 2983 1332 3054 iactatum
1373 2981 1700 3053 fluctibus
1741 2979 2030 3064 haerere,
2063 2977 2533 3072 nequidquam
2564 2999 2754 3070 saepe

600 3113 1057 3176 retentantem
1100 3107 1261 3177 vela
1300 3108 1558 3190 facere,
1603 3104 1666 3175 si
1706 3101 1864 3195 quis
1916 3124 2114 3174 meus
2165 3110 2417 3174 ventus
2454 3101 2544 3173 ab
2576 3100 2760 3174 occi-

598 3227 805 3299 dente
843 3239 1323 3320 consurgerem
1366 3228 1497 3300 hoc
1538 3237 1774 3298 tamen
1817 3226 1964 3297 solo
2002 3227 2238 3297 laetum
2293 3235 2365 3296 et
2412 3228 2557 3297 Deo
2597 3248 2760 3317 gra-

603 3350 733 3423 tias
775 3361 1122 3441 agentem,
1168 3351 1357 3445 quod
1398 3361 1467 3422 te
1504 3353 1754 3424 saltem
1795 3371 1922 3443 per
1972 3350 2224 3421 multos
2275 3348 2555 3420 labores
2596 3371 2763 3421 eva—

602 3475 784 3546 sisse
823 3472 1055 3560 vide0‚
1100 3475 1430 3568 quodque
1470 3474 1796 3546 navicula
1836 3482 1957 3545 tua
2000 3495 2094 3544 ex
2144 3470 2396 3544 iisdem
2437 3469 2761 3565 periculis

600 3599 917 3682 venienS,
949 3609 1070 3669 aut
1108 3609 1382 3690 portum
1438 3609 1650 3683 tenet,
1705 3607 1827 3668 aut
1877 3598 2076 3690 pleno
2132 3593 2321 3668 subit
2355 3595 2536 3666 ostia
2585 3594 2761 3665 velo.

602 3722 942 3815 Deinceps
993 3722 1380 3815 expeditior
1426 3722 1712 3794 casibus
1764 3721 1937 3792 meis
1997 3742 2388 3804 occurram,
2459 3718 2648 3813 quod
2697 3728 2767 3788 et

603 3845 1072 3937 consequendi
1112 3823 1537 3920 desiderium
1590 3845 1915 3936 ingessit,
1965 3854 2036 3915 et
2101 3844 2399 3936 geminae
2464 3842 2766 3914 solicitus

604 3962 787 4036 dinis
828 3965 1114 4041 dimidia
1152 3980 1348 4062 parte
1385 3968 1724 4040 liberatus
1771 3989 1949 4040 sum.
1992 3967 2180 4038 Vale.
