3104 4805
998 385 1185 432 Lmen
1229 384 1906 434 anus.-ssrrsrom
1952 387 1989 433 ι.
2493 378 2569 437 35

424 531 662 604 teriam
715 539 1052 621 praestare
1103 531 1353 621 possit,
1410 494 1742 603 inv‘enies.
1810 534 2023 605 Nemo
2074 537 2256 606 enim
2321 560 2396 609 sc
2455 562 2578 610 an-

425 654 575 727 teiri
635 652 725 724 ab
775 674 913 725 uno
972 654 1084 723 vel
1140 676 1184 725 a
1239 653 1477 746 paucis
1531 677 1720 746 aegre
1770 658 1922 740 fert,
1978 658 2114 727 nisi
2166 661 2287 753 qui
2337 663 2576 753 gloriae

422 777 880 872 principatum
933 776 1261 868 pertinaci
1313 776 1446 847 sihi
1497 790 1727 849 mente
1783 780 2154 852 constituit.
2199 784 2464 869 Patere,
2503 797 2580 856 ut

422 914 831 975 caeterarum
900 923 1163 985 rerum,
1221 899 1320 970 sic
1373 899 1630 991 ingenii
1679 901 1779 972 tui
1831 913 2085 974 sortem
2145 907 2580 1000 nominisque

428 1028 791 1097 fortunam.
846 1023 1147 1094 Putabas
1204 1045 1359 1093 eam
1420 1023 1489 1092 in
1552 1024 1718 1094 solis
1777 1024 2045 1097 divitiis
2106 1026 2215 1098 ius
2280 1028 2582 1100 habere?

429 1149 901 1219 Humanarum
953 1169 1184 1218 rerum
1234 1147 1572 1231 omnium,
1631 1159 1920 1240 excepta
1967 1149 2249 1236 virtute,
2307 1151 2581 1224 domina

430 1281 568 1342 est:
606 1270 790 1341 illam
826 1291 1101 1361 quoque
1137 1289 1322 1361 saepe
1355 1291 1772 1362 oppugnare,
1814 1272 1937 1342 sed
1972 1295 2328 1365 nunquam
2362 1296 2584 1367 expu—

434 1417 645 1486 gnare
696 1392 1128 1486 permittitur.
1172 1393 1450 1464 Famam
1502 1404 1711 1476 certe,
1757 1416 1896 1486 qua
1945 1394 2118 1465 nihil
2165 1407 2274 1466 est
2323 1396 2580 1483 leviuS,

436 1516 627 1588 facile
676 1526 877 1599 rotat,
922 1537 1001 1586 ac
1042 1515 1349 1586 ventosis
1405 1516 1752 1607 suffragiis
1804 1516 2062 1588 circum
2116 1518 2356 1603 volvit,
2403 1541 2444 1589 a
2483 1518 2589 1588 di-

439 1614 593 1731 gnis
632 1661 785 1709 eam
831 1640 1251 1709 transferens
1294 1638 1384 1709 ad
1424 1638 1769 1729 indignos.
1814 1640 1998 1710 Nihil
2036 1640 2316 1733 quidem
2369 1640 2589 1711 mobi-

440 1764 597 1845 lius,
668 1762 834 1831 nihil
901 1761 1205 1853 iniquius
1266 1762 1540 1852 vulgari
1608 1761 1893 1847 iudicio,
1948 1786 2156 1856 super
2212 1786 2351 1855 quo
2407 1766 2590 1834 fama

442 1886 722 1956 fundata
769 1896 896 1955 est.
954 1885 1189 1975 Itaque
1229 1884 1480 1952 mirum
1523 1906 1660 1954 non
1700 1895 1806 1953 est
1849 1884 1908 1953 si
1949 1885 2232 1955 assidue
2264 1885 2586 1977 quatitur,

445 2031 604 2102 quae
638 2020 771 2080 tam
803 2006 1111 2078 tremulis
1147 2005 1459 2076 innititur
1485 2006 1972 2077 fundamentis.
2010 2008 2172 2077 Haec
2215 2029 2382 2078 sane
2422 2029 2592 2077 non-

449 2131 581 2201 nisi
623 2131 691 2201 in
732 2130 934 2203 vivos
978 2152 1267 2220 regnum
1321 2128 1560 2201 habet:
1603 2151 1791 2200 mors
1834 2129 2182 2200 hominem
2222 2130 2467 2200 eximit
2503 2129 2594 2200 ab

444 2254 737 2347 imperio
764 2258 1075 2325 sortunae.
1093 2253 1388 2322 Cessant
1411 2252 1666 2323 exinde
1699 2251 1999 2323 ludibria
2032 2252 2218 2323 haec:
2244 2253 2412 2324 velit
2444 2252 2593 2346 ipsa

448 2379 558 2448 vel
584 2377 767 2464 nolit,
797 2376 1121 2450 virtutem
1150 2379 1349 2462 sama,
1378 2399 1505 2448 ceu
1535 2375 1833 2449 solidum
1861 2398 2113 2470 corpus
2147 2376 2412 2462 umbra,
2433 2399 2595 2450 con-

449 2501 777 2592 sequitur.
813 2499 1041 2571 Habes
1075 2521 1245 2590 ergo
1274 2499 1375 2594 (ni
1416 2499 1643 2595 fallor)
1675 2499 2013 2590 gloriandi
2048 2500 2277 2593 potius
2312 2522 2595 2572 causam

450 2644 653 2715 quam
712 2622 1140 2714 indignandi,
1198 2622 1259 2693 si
1314 2645 1471 2694 cum
1530 2622 1854 2694 omnibus
1905 2625 2046 2695 fere
2103 2623 2596 2717 praestantibus

446 2736 653 2838 atque
668 2744 1067 2817 clarissimis
1088 2744 1257 2817 viris
1276 2745 1664 2818 communis
1694 2745 1815 2816 tibi
1841 2757 1957 2818 tua
1976 2770 2128 2818 sors
2156 2759 2283 2818 est.
2310 2750 2598 2839 Quoque

420 2870 649 2941 -etiam
675 2892 859 2942 nunc
884 2870 1188 2963 aequiore
1206 2870 1434 2942 animo
1462 2870 1579 2954 sis,
1593 2869 1990 2940 Africanum
2018 2868 2262 2962 ipsum,
2275 2892 2479 2960 quem
2506 2892 2599 2938 ex

450 2991 575 3063 hac
607 2992 752 3065 acic
795 3015 1165 3085 segregare
1206 2993 1404 3065 visus
1446 3014 1668 3076 eram,
1708 2991 1776 3061 in
1811 3013 2176 3061 commune
2209 2991 2597 3073 restituam3

448 3114 558 3184 cui
595 3114 945 3208 quamviS,
984 3114 1176 3207 quod
1209 3112 1645 3185 rarissimum
1681 3123 1789 3183 est
1827 3110 1938 3205 (ut
1978 3111 2186 3206 dixi),
2231 3111 2601 3207 praesentia

448 3258 587 3306 non
627 3236 962 3321 nocuerit,
1009 3235 1243 3308 nocuit
1276 3247 1531 3321 tamen,
1568 3245 1648 3305 ut
1678 3235 1947 3307 caeteris
1990 3235 2379 3322 hominum,
2425 3235 2604 3307 invi-

450 3358 589 3441 dia,
632 3383 837 3451 quam
890 3361 1099 3432 tantis
1143 3359 1514 3432 virtutibus
1567 3381 1704 3430 non
1749 3360 1973 3452 potuit
2016 3360 2451 3451 extinguere,
2498 3359 2603 3427 in-

453 3481 814 3574 cenditque
853 3482 1079 3576 potius
1122 3495 1192 3554 et
1232 3483 1722 3555 inflammavit:
1763 3482 1998 3553 nocuit
2041 3482 2262 3576 (quod
2304 3482 2450 3549 sine
2498 3479 2604 3547 in-

455 3602 847 3693 dignatione
888 3629 1023 3677 non
1060 3628 1349 3699 possum
1386 3603 1816 3697 meminisse)
1848 3602 2282 3675 conversatio
2314 3598 2600 3688 longior,

456 3736 525 3794 et
583 3748 869 3797 nascens
935 3752 1027 3799 ex
1087 3727 1547 3799 familiaritate
1606 3734 2059 3816 contemptus.
2123 3724 2317 3793 Unde
2376 3730 2604 3790 autem

458 3846 609 3917 haec
646 3848 910 3921 eliciam
952 3851 1466 3946 percontabere.
1508 3850 1680 3919 Nolo
1731 3869 1840 3917 me
1891 3845 2151 3938 aliquid
2202 3846 2605 3918 immutasse

455 3970 854 4064 suspiceris
916 3975 1073 4067 Ipsa
1131 3974 1260 4044 Titi
1320 3972 1499 4044 Livii
1559 3969 1925 4043 clarissimi
1989 3968 2341 4063 scriptoris
2393 3968 2607 4040 verba

450 4117 733 4188 ponam,
797 4096 946 4189 qui,
1010 4108 1159 4168 orta
1217 4095 1648 4166 contentione
1711 4091 2064 4183 dignitatis
2134 4094 2608 4184 honorumque

452 4220 625 4293 inter
660 4222 1050 4314 Scipionem
1077 4219 1471 4292 Africanum
1500 4219 1862 4310 ‘situmque
1896 4218 2329 4302 Flaminium,
2368 4218 2436 4286 in
2470 4238 2606 4307 qua
