3104 4805
897 375 1084 424 unna
1123 372 1430 433 omarus.
1454 391 1529 403 —
1552 371 1856 423 ltmsroLA
1896 371 1976 420 v1.
2406 355 2527 418 215

388 521 596 594 deam
629 518 930 612 quaeris‘t
962 516 1145 602 Quid
1179 517 1427 609 putas?
1459 502 1608 587 Nisi
1638 513 1811 585 illud
1843 514 2169 607 sapientis
2203 511 2535 584 Hebraeo-

389 667 576 716 rum:
619 643 880 712 vanitas
920 643 1321 723 vanitatum,
1368 651 1428 709 et
1467 640 1694 709 omnia
1732 637 2035 706 vanitas?
2071 636 2204 708 Sed
2241 637 2337 710 sic
2374 647 2538 710 sunt

390 787 619 839 mores
665 764 1043 835 hominum.

584 889 686 960 Tu
725 889 904 970 vale,
948 895 1020 958 et
1058 887 1360 970 favente,
1404 905 1558 970 oro,
1610 881 1802 954 adsis
1842 879 2094 952 animo.

672 1032 769 1088 XV
795 1031 918 1088 Kal.
951 1032 1191 1088 Martias.
1223 1031 1510 1086 Avinione.

1396 1232 1551 1240 ———-

1212 1442 1569 1508 EPISTOLA
1608 1443 1718 1506 vn.

531 1634 913 1690 raAnciscus
956 1634 1291 1685 PnrnfflcA
1333 1634 1629 1685 nonnam-o
1674 1633 1915 1683 smum
1954 1636 2102 1686 anm
2143 1636 2194 1685 s,
2241 1636 2296 1696 Ρ,
2343 1636 2401 1686 n.

499 1804 701 1860 Narrat
722 1822 781 1860 se
807 1804 866 1860 in
894 1803 1158 1876 Capitolio
1188 1805 1434 1859 lauream
1459 1805 1730 1875 accepisse
1746 1845 1761 1871 ,
1791 1808 1844 1857 et
1873 1820 1987 1858 suae
2013 1804 2192 1859 laudis
2219 1804 2434 1860 invidos

1265 1898 1680 1948 commemorat.

575 2119 925 2204 Quantum
1000 2116 1120 2188 tibi
1194 2116 1575 2189 liberalium
1642 2097 1713 2188 et
1775 2116 2223 2189 honestarum
2295 2120 2543 2190 artium

400 2241 629 2313 studia
669 2240 1026 2325 deberent,
1073 2262 1317 2333 regum
1358 2240 1596 2326 decuS,
1648 2263 1939 2335 quarum
1993 2250 2058 2313 te
2105 2263 2381 2334 quoque
2434 2264 2546 2314 re-

399 2387 556 2458 gem
597 2364 939 2437 industria
972 2362 1195 2437 fecisti
1235 2362 1614 2459 aliquanto,
1670 2365 1803 2437 nisi
1850 2368 2071 2450 fallor,
2126 2387 2337 2461 quam
2379 2376 2553 2439 tem-

397 2489 654 2585 poralis
699 2489 894 2581 regni
935 2488 1324 2561 diademate
1366 2488 1751 2576 clariorem,
1790 2491 1952 2561 olim
2012 2490 2273 2562 mundo
2311 2501 2549 2562 notum

399 2624 568 2682 erat.
613 2612 810 2682 Novo
849 2632 1069 2705 nuper
1108 2608 1443 2714 beneficio
1483 2612 1802 2684 desertas
1842 2612 2151 2684 Pierides
2193 2612 2546 2705 obligasti,

398 2734 650 2827 quibus
678 2734 809 2806 hoc
844 2757 1092 2819 meum,
1136 2737 1844 2829 quantulumcumque
1883 2746 2008 2821 est,
2046 2736 2399 2828 ingenium
2439 2758 2553 2808 so-

402 2855 716 2963 lemniter
757 2855 1202 2930 consecrasti.
1246 2854 1357 2927 Ad
1398 2858 1548 2929 haec
1587 2868 1660 2930 et
1712 2856 1952 2930 urbem
2003 2879 2290 2943 romam,
2328 2869 2400 2929 et
2430 2857 2555 2930 oh-

278 3042 281 3045 .
405 2980 696 3051 soletum
742 2980 1053 3074 Capitolii
1094 2980 1422 3075 palatium
1466 2980 1819 3075 insperato
1858 2980 2110 3072 gaudio
2150 2992 2221 3052 et
2260 2981 2550 3054 insuetis

402 3100 759 3174 frondibus
799 3101 1163 3177 decorasti.
1233 3105 1455 3177 Parva
1504 3125 1621 3175 res
1670 3106 1995 3188 fortasse,
2050 3103 2308 3177 dixerit
2353 3104 2554 3198 quis-

404 3224 613 3317 piam,
653 3225 781 3296 sed
813 3228 1113 3320 profecto
1140 3227 1444 3299 novitate
1477 3225 1872 3320 conspicua,
1901 3236 1971 3298 et
1995 3228 2228 3322 populi
2263 3225 2553 3299 Romani

407 3348 655 3439 plausu
696 3369 778 3419 ac
818 3348 1242 3421 iucunditate
1280 3348 1717 3442 percelebris.
1769 3349 2063 3420 Laureae
2112 3369 2366 3420 nomen
2415 3367 2555 3418 non

410 3468 879 3542 intermissum
946 3472 1155 3545 modo
1224 3481 1322 3543 tot
1375 3470 1675 3556 saeculis,
1744 3471 1869 3543 sed
1920 3470 2012 3542 i'ni
2065 3472 2200 3543 iam
2265 3491 2552 3564 prorsus

409 3592 734 3666 oblivioni
778 3594 1132 3680 traditum,
1178 3594 1330 3666 aliis
1372 3595 1669 3665 multum
1708 3593 2011 3665 diversis
2051 3591 2358 3666 curisac
2407 3602 2556 3663 stu-

409 3716 545 3789 diis
594 3717 665 3789 in
732 3718 1083 3812 republica
1127 3717 1550 3811 vigentibuS‚
1597 3727 1833 3789 nostra
1871 3726 2075 3788 aetate
2115 3726 2550 3801 renovatum,

410 3848 479 3909 te
519 3839 723 3926 duce,
785 3864 896 3913 me
960 3840 1197 3913 milite.
1267 3840 1420 3913 Scio
1460 3839 1833 3933 quaedam,
1901 3848 1974 3911 et
2026 3860 2150 3933 per
2189 3836 2448 3909 Italiam
2487 3848 2560 3910 et

413 3962 600 4054 apud
641 3973 924 4037 exteras
993 3964 1325 4047 nationes,
1371 3963 1646 4056 ingenia
1679 3962 2092 4048 clarissima,
2162 3981 2324 4054 quae
2387 3960 2556 4032 nihil

413 4082 503 4155 ab
544 4085 677 4157 hoc
717 4088 1096 4180 proposito,
1167 4088 1302 4160 nisi
1360 4085 1749 4160 desuetudo
1807 4086 2102 4179 longior,
2162 4095 2235 4155 et
2282 4106 2559 4178 semper

417 4220 744 4303 suspecta
788 4232 1020 4282 rerum
1087 4211 1360 4285 novitas
1425 4211 1728 4296 arcebat,
1782 4232 1935 4284 eam
1976 4208 2327 4303 deinceps,
2372 4216 2561 4301 post·
