<?xml version="1.0" encoding="UTF-8"?>
<!DOCTYPE html PUBLIC "-//W3C//DTD XHTML 1.0 Transitional//EN"
    "http://www.w3.org/TR/xhtml1/DTD/xhtml1-transitional.dtd">
<html xmlns="http://www.w3.org/1999/xhtml" xml:lang="en" lang="en">
 <head>
  <title>
</title>
<meta http-equiv="Content-Type" content="text/html;charset=utf-8" />
  <meta name='ocr-system' content='tesseract 3.04.00' />
  <meta name='ocr-capabilities' content='ocr_page ocr_carea ocr_par ocr_line ocrx_word'/>
</head>
<body>
  <div class='ocr_page' id='page_1' title='image "./epistolaederebu00unkngoog_0410.png"; bbox 0 0 3104 4805; ppageno 0'>
   <div class='ocr_carea' id='block_1_1' title="bbox 580 373 2076 436">
    <p class='ocr_par' dir='ltr' id='par_1_1' title="bbox 580 373 2076 436">
     <span class='ocr_line' id='line_1_1' title="bbox 580 373 2076 436; baseline -0.004 0"><span class='ocrx_word' id='word_1_1' title='bbox 580 373 696 436; x_wconf 61' lang='grc' dir='ltr'><strong><em>Μ</em></strong></span> <span class='ocrx_word' id='word_1_2' title='bbox 1261 381 1343 430; x_wconf 73' lang='lat' dir='ltr'><strong>ns</strong></span> <span class='ocrx_word' id='word_1_3' title='bbox 1384 381 1587 432; x_wconf 75' lang='lat' dir='ltr'><strong>assus</strong></span> <span class='ocrx_word' id='word_1_4' title='bbox 1631 380 2076 431; x_wconf 61' lang='lat' dir='ltr'><strong>rummiens</strong></span> 
     </span>
    </p>
   </div>
   <div class='ocr_carea' id='block_1_2' title="bbox 542 526 2750 4278">
    <p class='ocr_par' dir='ltr' id='par_1_2' title="bbox 542 526 2750 4278">
     <span class='ocr_line' id='line_1_2' title="bbox 581 526 2748 627; baseline -0.003 -25"><span class='ocrx_word' id='word_1_5' title='bbox 581 550 878 627; x_wconf 89' lang='lat' dir='ltr'><strong>quorum</strong></span> <span class='ocrx_word' id='word_1_6' title='bbox 922 528 1157 600; x_wconf 89' lang='lat' dir='ltr'><strong>titulos</strong></span> <span class='ocrx_word' id='word_1_7' title='bbox 1213 536 1448 610; x_wconf 85' lang='lat' dir='ltr'><strong>tenes,</strong></span> <span class='ocrx_word' id='word_1_8' title='bbox 1511 537 1585 597; x_wconf 86' lang='lat' dir='ltr'><strong>et</strong></span> <span class='ocrx_word' id='word_1_9' title='bbox 1647 527 1960 597; x_wconf 79' lang='lat' dir='ltr'><strong>notitiam</strong></span> <span class='ocrx_word' id='word_1_10' title='bbox 2014 527 2112 598; x_wconf 87' lang='lat' dir='ltr'><strong>sis</strong></span> <span class='ocrx_word' id='word_1_11' title='bbox 2174 526 2492 619; x_wconf 86' lang='lat' dir='ltr'><strong>adeptus.</strong></span> <span class='ocrx_word' id='word_1_12' title='bbox 2553 528 2748 598; x_wconf 89' lang='lat' dir='ltr'><strong>Docti</strong></span> 
     </span>
     <span class='ocr_line' id='line_1_3' title="bbox 579 645 2750 744; baseline -0.002 -18"><span class='ocrx_word' id='word_1_13' title='bbox 579 663 813 726; x_wconf 81' lang='lat' dir='ltr'><strong>autem</strong></span> <span class='ocrx_word' id='word_1_14' title='bbox 852 649 1047 721; x_wconf 84' lang='lat' dir='ltr'><strong>facile</strong></span> <span class='ocrx_word' id='word_1_15' title='bbox 1091 647 1501 721; x_wconf 84' lang='lat' dir='ltr'><strong>discernunt</strong></span> <span class='ocrx_word' id='word_1_16' title='bbox 1534 648 1701 743; x_wconf 91' lang='lat' dir='ltr'><strong>quid</strong></span> <span class='ocrx_word' id='word_1_17' title='bbox 1751 651 2093 742; x_wconf 89' lang='lat' dir='ltr'><strong>cuiusque</strong></span> <span class='ocrx_word' id='word_1_18' title='bbox 2144 649 2535 744; x_wconf 89' lang='lat' dir='ltr'><strong>proprium,</strong></span> <span class='ocrx_word' id='word_1_19' title='bbox 2580 645 2750 743; x_wconf 87' lang='lat' dir='ltr'><strong>quid</strong></span> 
     </span>
     <span class='ocr_line' id='line_1_4' title="bbox 580 771 2742 866; baseline -0.003 -19"><span class='ocrx_word' id='word_1_20' title='bbox 580 776 881 847; x_wconf 88' lang='lat' dir='ltr'><strong>alienum</strong></span> <span class='ocrx_word' id='word_1_21' title='bbox 926 773 1044 857; x_wconf 80' lang='lat' dir='ltr'><strong>sit,</strong></span> <span class='ocrx_word' id='word_1_22' title='bbox 1081 782 1152 844; x_wconf 82' lang='lat' dir='ltr'><strong>et</strong></span> <span class='ocrx_word' id='word_1_23' title='bbox 1192 793 1441 844; x_wconf 83' lang='lat' dir='ltr'><strong>rursus</strong></span> <span class='ocrx_word' id='word_1_24' title='bbox 1475 772 1647 865; x_wconf 90' lang='lat' dir='ltr'><strong>quid</strong></span> <span class='ocrx_word' id='word_1_25' title='bbox 1678 783 2029 858; x_wconf 83' lang='lat' dir='ltr'><strong>mutuum,</strong></span> <span class='ocrx_word' id='word_1_26' title='bbox 2083 772 2256 866; x_wconf 88' lang='lat' dir='ltr'><strong>quid</strong></span> <span class='ocrx_word' id='word_1_27' title='bbox 2296 771 2742 866; x_wconf 85' lang='lat' dir='ltr'><strong>praecarium,</strong></span> 
     </span>
     <span class='ocr_line' id='line_1_5' title="bbox 577 895 2747 992; baseline -0.002 -22"><span class='ocrx_word' id='word_1_28' title='bbox 577 898 749 992; x_wconf 88' lang='lat' dir='ltr'><strong>quid</strong></span> <span class='ocrx_word' id='word_1_29' title='bbox 781 896 1147 981; x_wconf 86' lang='lat' dir='ltr'><strong>furtivum,</strong></span> <span class='ocrx_word' id='word_1_30' title='bbox 1190 895 1362 988; x_wconf 85' lang='lat' dir='ltr'><strong>quid</strong></span> <span class='ocrx_word' id='word_1_31' title='bbox 1400 916 1442 966; x_wconf 94' lang='lat' dir='ltr'><strong>e</strong></span> <span class='ocrx_word' id='word_1_32' title='bbox 1479 896 1713 968; x_wconf 90' lang='lat' dir='ltr'><strong>medio</strong></span> <span class='ocrx_word' id='word_1_33' title='bbox 1752 897 2113 979; x_wconf 87' lang='lat' dir='ltr'><strong>haustum,</strong></span> <span class='ocrx_word' id='word_1_34' title='bbox 2157 895 2330 988; x_wconf 87' lang='lat' dir='ltr'><strong>quid</strong></span> <span class='ocrx_word' id='word_1_35' title='bbox 2363 915 2404 966; x_wconf 85' lang='lat' dir='ltr'><strong>a</strong></span> <span class='ocrx_word' id='word_1_36' title='bbox 2454 903 2747 988; x_wconf 86' lang='lat' dir='ltr'>praeter-</span> 
     </span>
     <span class='ocr_line' id='line_1_6' title="bbox 576 1016 2746 1110; baseline -0.003 -15"><span class='ocrx_word' id='word_1_37' title='bbox 576 1031 784 1095; x_wconf 89' lang='lat' dir='ltr'><strong>eunte</strong></span> <span class='ocrx_word' id='word_1_38' title='bbox 818 1018 1219 1093; x_wconf 87' lang='lat' dir='ltr'><strong>delibatum.</strong></span> <span class='ocrx_word' id='word_1_39' title='bbox 1263 1017 1672 1090; x_wconf 79' lang='lat' dir='ltr'><strong>Memoriam</strong></span> <span class='ocrx_word' id='word_1_40' title='bbox 1706 1027 2085 1101; x_wconf 84' lang='lat' dir='ltr'><strong>ostentare,</strong></span> <span class='ocrx_word' id='word_1_41' title='bbox 2124 1016 2412 1110; x_wconf 87' lang='lat' dir='ltr'><strong>puerilis</strong></span> <span class='ocrx_word' id='word_1_42' title='bbox 2444 1027 2555 1089; x_wconf 87' lang='lat' dir='ltr'><strong>est</strong></span> <span class='ocrx_word' id='word_1_43' title='bbox 2596 1018 2746 1109; x_wconf 79' lang='lat' dir='ltr'><strong>glo-</strong></span> 
     </span>
     <span class='ocr_line' id='line_1_7' title="bbox 575 1139 2742 1234; baseline -0.002 -19"><span class='ocrx_word' id='word_1_44' title='bbox 575 1144 718 1215; x_wconf 87' lang='lat' dir='ltr'><strong>ria:</strong></span> <span class='ocrx_word' id='word_1_45' title='bbox 761 1143 942 1226; x_wconf 88' lang='lat' dir='ltr'><strong>vir0,</strong></span> <span class='ocrx_word' id='word_1_46' title='bbox 986 1150 1065 1212; x_wconf 94' lang='lat' dir='ltr'><strong>ut</strong></span> <span class='ocrx_word' id='word_1_47' title='bbox 1105 1141 1203 1213; x_wconf 89' lang='lat' dir='ltr'><strong>ait</strong></span> <span class='ocrx_word' id='word_1_48' title='bbox 1251 1141 1556 1224; x_wconf 82' lang='lat' dir='ltr'>Seneca,</span> <span class='ocrx_word' id='word_1_49' title='bbox 1609 1149 1888 1234; x_wconf 88' lang='lat' dir='ltr'><strong>captare</strong></span> <span class='ocrx_word' id='word_1_50' title='bbox 1952 1139 2280 1211; x_wconf 85' lang='lat' dir='ltr'><strong>flosculos</strong></span> <span class='ocrx_word' id='word_1_51' title='bbox 2335 1150 2536 1234; x_wconf 80' lang='lat' dir='ltr'>turpe</span> <span class='ocrx_word' id='word_1_52' title='bbox 2602 1149 2742 1221; x_wconf 89' lang='lat' dir='ltr'><strong>est;</strong></span> 
     </span>
     <span class='ocr_line' id='line_1_8' title="bbox 576 1259 2745 1360; baseline -0.002 -24"><span class='ocrx_word' id='word_1_53' title='bbox 576 1265 835 1360; x_wconf 88' lang='lat' dir='ltr'>quippe</span> <span class='ocrx_word' id='word_1_54' title='bbox 894 1285 1106 1355; x_wconf 87' lang='lat' dir='ltr'><strong>quem</strong></span> <span class='ocrx_word' id='word_1_55' title='bbox 1168 1264 1396 1333; x_wconf 82' lang='lat' dir='ltr'><strong>fructu</strong></span> <span class='ocrx_word' id='word_1_56' title='bbox 1435 1260 1684 1332; x_wconf 83' lang='lat' dir='ltr'><strong>deceat</strong></span> <span class='ocrx_word' id='word_1_57' title='bbox 1734 1259 2042 1352; x_wconf 82' lang='lat' dir='ltr'><strong>gaudere</strong></span> <span class='ocrx_word' id='word_1_58' title='bbox 2094 1281 2233 1332; x_wconf 91' lang='lat' dir='ltr'><strong>non</strong></span> <span class='ocrx_word' id='word_1_59' title='bbox 2276 1259 2585 1332; x_wconf 88' lang='lat' dir='ltr'><strong>floribus.</strong></span> <span class='ocrx_word' id='word_1_60' title='bbox 2641 1261 2745 1332; x_wconf 88' lang='lat' dir='ltr'><strong>Tu</strong></span> 
     </span>
     <span class='ocr_line' id='line_1_9' title="bbox 572 1381 2745 1476; baseline -0.001 -20"><span class='ocrx_word' id='word_1_61' title='bbox 572 1407 746 1458; x_wconf 89' lang='lat' dir='ltr'><strong>vero</strong></span> <span class='ocrx_word' id='word_1_62' title='bbox 812 1384 882 1454; x_wconf 94' lang='lat' dir='ltr'><strong>in</strong></span> <span class='ocrx_word' id='word_1_63' title='bbox 935 1383 1066 1454; x_wconf 86' lang='lat' dir='ltr'><strong>hac</strong></span> <span class='ocrx_word' id='word_1_64' title='bbox 1116 1382 1344 1455; x_wconf 79' lang='lat' dir='ltr'><strong>aetatis</strong></span> <span class='ocrx_word' id='word_1_65' title='bbox 1396 1391 1595 1476; x_wconf 84' lang='lat' dir='ltr'><strong>parte</strong></span> <span class='ocrx_word' id='word_1_66' title='bbox 1645 1381 2100 1467; x_wconf 86' lang='lat' dir='ltr'><strong>venerahilis,</strong></span> <span class='ocrx_word' id='word_1_67' title='bbox 2151 1392 2223 1453; x_wconf 90' lang='lat' dir='ltr'><strong>et</strong></span> <span class='ocrx_word' id='word_1_68' title='bbox 2273 1382 2340 1451; x_wconf 90' lang='lat' dir='ltr'><strong>in</strong></span> <span class='ocrx_word' id='word_1_69' title='bbox 2410 1391 2525 1451; x_wconf 84' lang='lat' dir='ltr'><strong>tua</strong></span> <span class='ocrx_word' id='word_1_70' title='bbox 2578 1402 2745 1476; x_wconf 85' lang='lat' dir='ltr'><strong>pro-</strong></span> 
     </span>
     <span class='ocr_line' id='line_1_10' title="bbox 571 1503 2745 1598; baseline -0.003 -18"><span class='ocrx_word' id='word_1_71' title='bbox 571 1507 876 1580; x_wconf 78' lang='lat' dir='ltr'><strong>fessione</strong></span> <span class='ocrx_word' id='word_1_72' title='bbox 916 1505 1387 1588; x_wconf 83' lang='lat' dir='ltr'><strong>clarissimus3</strong></span> <span class='ocrx_word' id='word_1_73' title='bbox 1430 1503 1599 1588; x_wconf 86' lang='lat' dir='ltr'><strong>ime,</strong></span> <span class='ocrx_word' id='word_1_74' title='bbox 1645 1513 1724 1574; x_wconf 88' lang='lat' dir='ltr'><strong>ut</strong></span> <span class='ocrx_word' id='word_1_75' title='bbox 1761 1528 1901 1577; x_wconf 91' lang='lat' dir='ltr'><strong>non</strong></span> <span class='ocrx_word' id='word_1_76' title='bbox 1944 1525 2221 1598; x_wconf 80' lang='lat' dir='ltr'>semper</span> <span class='ocrx_word' id='word_1_77' title='bbox 2262 1526 2573 1598; x_wconf 83' lang='lat' dir='ltr'><strong>pungam</strong></span> <span class='ocrx_word' id='word_1_78' title='bbox 2617 1503 2745 1575; x_wconf 88' lang='lat' dir='ltr'><strong>sed</strong></span> 
     </span>
     <span class='ocr_line' id='line_1_11' title="bbox 572 1624 2742 1721; baseline -0.001 -23"><span class='ocrx_word' id='word_1_79' title='bbox 572 1629 920 1701; x_wconf 88' lang='lat' dir='ltr'><strong>interdum</strong></span> <span class='ocrx_word' id='word_1_80' title='bbox 961 1648 1253 1718; x_wconf 82' lang='lat' dir='ltr'><strong>ungam,</strong></span> <span class='ocrx_word' id='word_1_81' title='bbox 1313 1629 1505 1698; x_wconf 91' lang='lat' dir='ltr'><strong>solus</strong></span> <span class='ocrx_word' id='word_1_82' title='bbox 1565 1626 1716 1698; x_wconf 90' lang='lat' dir='ltr'><strong>sine</strong></span> <span class='ocrx_word' id='word_1_83' title='bbox 1765 1630 2088 1721; x_wconf 81' lang='lat' dir='ltr'><strong>exemplo</strong></span> <span class='ocrx_word' id='word_1_84' title='bbox 2139 1626 2364 1698; x_wconf 85' lang='lat' dir='ltr'><strong>nostri</strong></span> <span class='ocrx_word' id='word_1_85' title='bbox 2414 1624 2742 1719; x_wconf 80' lang='lat' dir='ltr'><strong>temporis</strong></span> 
     </span>
     <span class='ocr_line' id='line_1_12' title="bbox 571 1747 2745 1846; baseline -0.002 -24"><span class='ocrx_word' id='word_1_86' title='bbox 571 1772 841 1835; x_wconf 89' lang='lat' dir='ltr'><strong>earum,</strong></span> <span class='ocrx_word' id='word_1_87' title='bbox 895 1749 1154 1844; x_wconf 88' lang='lat' dir='ltr'><strong>quibus</strong></span> <span class='ocrx_word' id='word_1_88' title='bbox 1204 1770 1285 1822; x_wconf 92' lang='lat' dir='ltr'><strong>es</strong></span> <span class='ocrx_word' id='word_1_89' title='bbox 1328 1749 1640 1834; x_wconf 84' lang='lat' dir='ltr'><strong>dedituS,</strong></span> <span class='ocrx_word' id='word_1_90' title='bbox 1685 1749 2068 1822; x_wconf 89' lang='lat' dir='ltr'><strong>litterarum</strong></span> <span class='ocrx_word' id='word_1_91' title='bbox 2109 1750 2463 1846; x_wconf 83' lang='lat' dir='ltr'><strong>princepS,</strong></span> <span class='ocrx_word' id='word_1_92' title='bbox 2507 1747 2745 1821; x_wconf 88' lang='lat' dir='ltr'><strong>nescio</strong></span> 
     </span>
     <span class='ocr_line' id='line_1_13' title="bbox 569 1868 2742 1966; baseline -0.002 -21"><span class='ocrx_word' id='word_1_93' title='bbox 569 1894 712 1965; x_wconf 93' lang='lat' dir='ltr'><strong>quo</strong></span> <span class='ocrx_word' id='word_1_94' title='bbox 750 1873 1033 1946; x_wconf 91' lang='lat' dir='ltr'><strong>iuvenili</strong></span> <span class='ocrx_word' id='word_1_95' title='bbox 1059 1872 1309 1957; x_wconf 87' lang='lat' dir='ltr'><strong>anime,</strong></span> <span class='ocrx_word' id='word_1_96' title='bbox 1337 1868 1649 1942; x_wconf 86' lang='lat' dir='ltr'><strong>dimissis</strong></span> <span class='ocrx_word' id='word_1_97' title='bbox 1677 1870 1935 1944; x_wconf 87' lang='lat' dir='ltr'><strong>finibus</strong></span> <span class='ocrx_word' id='word_1_98' title='bbox 1968 1873 2126 1957; x_wconf 89' lang='lat' dir='ltr'><strong>tuis,</strong></span> <span class='ocrx_word' id='word_1_99' title='bbox 2156 1872 2227 1943; x_wconf 92' lang='lat' dir='ltr'><strong>in</strong></span> <span class='ocrx_word' id='word_1_100' title='bbox 2254 1871 2501 1943; x_wconf 84' lang='lat' dir='ltr'><strong>alienis</strong></span> <span class='ocrx_word' id='word_1_101' title='bbox 2525 1869 2742 1966; x_wconf 88' lang='lat' dir='ltr'><strong>pratis</strong></span> 
     </span>
     <span class='ocr_line' id='line_1_14' title="bbox 571 1992 2746 2088; baseline -0.001 -20"><span class='ocrx_word' id='word_1_102' title='bbox 571 1997 851 2068; x_wconf 84' lang='lat' dir='ltr'><strong>ociosus</strong></span> <span class='ocrx_word' id='word_1_103' title='bbox 901 2007 973 2068; x_wconf 91' lang='lat' dir='ltr'><strong>et</strong></span> <span class='ocrx_word' id='word_1_104' title='bbox 1020 2016 1279 2088; x_wconf 79' lang='lat' dir='ltr'><strong>vaguS,</strong></span> <span class='ocrx_word' id='word_1_105' title='bbox 1334 1993 1661 2078; x_wconf 82' lang='lat' dir='ltr'><strong>inclinata</strong></span> <span class='ocrx_word' id='word_1_106' title='bbox 1712 1993 1848 2066; x_wconf 87' lang='lat' dir='ltr'><strong>iam</strong></span> <span class='ocrx_word' id='word_1_107' title='bbox 1898 1993 2030 2078; x_wconf 92' lang='lat' dir='ltr'><strong>die,</strong></span> <span class='ocrx_word' id='word_1_108' title='bbox 2074 1993 2571 2086; x_wconf 82' lang='lat' dir='ltr'><strong>interlegendis</strong></span> <span class='ocrx_word' id='word_1_109' title='bbox 2617 1992 2746 2065; x_wconf 86' lang='lat' dir='ltr'><strong>sso-</strong></span> 
     </span>
     <span class='ocr_line' id='line_1_15' title="bbox 573 2115 2745 2212; baseline -0.003 -20"><span class='ocrx_word' id='word_1_110' title='bbox 573 2121 785 2192; x_wconf 87' lang='lat' dir='ltr'><strong>sculis</strong></span> <span class='ocrx_word' id='word_1_111' title='bbox 828 2126 1105 2212; x_wconf 86' lang='lat' dir='ltr'><strong>tempus</strong></span> <span class='ocrx_word' id='word_1_112' title='bbox 1149 2118 1340 2188; x_wconf 89' lang='lat' dir='ltr'><strong>teris.</strong></span> <span class='ocrx_word' id='word_1_113' title='bbox 1394 2118 1630 2190; x_wconf 83' lang='lat' dir='ltr'>Placet</span> <span class='ocrx_word' id='word_1_114' title='bbox 1683 2117 1922 2209; x_wconf 82' lang='lat' dir='ltr'><strong>ignota</strong></span> <span class='ocrx_word' id='word_1_115' title='bbox 1982 2125 2288 2203; x_wconf 87' lang='lat' dir='ltr'><strong>tentare,</strong></span> <span class='ocrx_word' id='word_1_116' title='bbox 2347 2115 2495 2200; x_wconf 89' lang='lat' dir='ltr'><strong>ubi,</strong></span> <span class='ocrx_word' id='word_1_117' title='bbox 2553 2136 2745 2210; x_wconf 84' lang='lat' dir='ltr'><strong>saepe</strong></span> 
     </span>
     <span class='ocr_line' id='line_1_16' title="bbox 571 2237 2747 2334; baseline -0.002 -22"><span class='ocrx_word' id='word_1_118' title='bbox 571 2241 760 2314; x_wconf 84' lang='lat' dir='ltr'><strong>viam</strong></span> <span class='ocrx_word' id='word_1_119' title='bbox 795 2261 933 2312; x_wconf 93' lang='lat' dir='ltr'><strong>non</strong></span> <span class='ocrx_word' id='word_1_120' title='bbox 974 2240 1373 2325; x_wconf 80' lang='lat' dir='ltr'><strong>inveniens,</strong></span> <span class='ocrx_word' id='word_1_121' title='bbox 1402 2251 1523 2313; x_wconf 87' lang='lat' dir='ltr'><strong>aut</strong></span> <span class='ocrx_word' id='word_1_122' title='bbox 1549 2241 1833 2334; x_wconf 78' lang='lat' dir='ltr'><strong>vageris</strong></span> <span class='ocrx_word' id='word_1_123' title='bbox 1875 2248 1997 2313; x_wconf 82' lang='lat' dir='ltr'><strong>aut</strong></span> <span class='ocrx_word' id='word_1_124' title='bbox 2036 2261 2356 2312; x_wconf 85' lang='lat' dir='ltr'><strong>corruas:</strong></span> <span class='ocrx_word' id='word_1_125' title='bbox 2399 2241 2623 2333; x_wconf 83' lang='lat' dir='ltr'><strong>placet</strong></span> <span class='ocrx_word' id='word_1_126' title='bbox 2665 2237 2747 2308; x_wconf 89' lang='lat' dir='ltr'><strong>il-</strong></span> 
     </span>
     <span class='ocr_line' id='line_1_17' title="bbox 571 2359 2744 2458; baseline -0.001 -24"><span class='ocrx_word' id='word_1_127' title='bbox 571 2363 796 2434; x_wconf 91' lang='lat' dir='ltr'><strong>lorum</strong></span> <span class='ocrx_word' id='word_1_128' title='bbox 834 2359 1034 2453; x_wconf 87' lang='lat' dir='ltr'><strong>sequi</strong></span> <span class='ocrx_word' id='word_1_129' title='bbox 1069 2360 1387 2454; x_wconf 77' lang='lat' dir='ltr'><strong>vestigia,</strong></span> <span class='ocrx_word' id='word_1_130' title='bbox 1426 2363 1546 2457; x_wconf 88' lang='lat' dir='ltr'><strong>qui</strong></span> <span class='ocrx_word' id='word_1_131' title='bbox 1585 2363 1946 2437; x_wconf 87' lang='lat' dir='ltr'><strong>scientiam</strong></span> <span class='ocrx_word' id='word_1_132' title='bbox 1979 2362 2185 2458; x_wconf 87' lang='lat' dir='ltr'><strong>quasi</strong></span> <span class='ocrx_word' id='word_1_133' title='bbox 2221 2363 2744 2436; x_wconf 91' lang='lat' dir='ltr'><strong>mercimonium</strong></span> 
     </span>
     <span class='ocr_line' id='line_1_18' title="bbox 570 2482 2748 2580; baseline 0 -25"><span class='ocrx_word' id='word_1_134' title='bbox 570 2482 852 2576; x_wconf 87' lang='lat' dir='ltr'><strong>aliquod</strong></span> <span class='ocrx_word' id='word_1_135' title='bbox 902 2492 1066 2555; x_wconf 89' lang='lat' dir='ltr'><strong>ante</strong></span> <span class='ocrx_word' id='word_1_136' title='bbox 1114 2487 1300 2557; x_wconf 87' lang='lat' dir='ltr'><strong>fores</strong></span> <span class='ocrx_word' id='word_1_137' title='bbox 1358 2486 1739 2580; x_wconf 86' lang='lat' dir='ltr'><strong>explicant,</strong></span> <span class='ocrx_word' id='word_1_138' title='bbox 1794 2509 1952 2558; x_wconf 91' lang='lat' dir='ltr'><strong>cum</strong></span> <span class='ocrx_word' id='word_1_139' title='bbox 2020 2485 2299 2557; x_wconf 91' lang='lat' dir='ltr'><strong>interim</strong></span> <span class='ocrx_word' id='word_1_140' title='bbox 2349 2506 2575 2559; x_wconf 87' lang='lat' dir='ltr'><strong>vacua</strong></span> <span class='ocrx_word' id='word_1_141' title='bbox 2621 2484 2748 2556; x_wconf 92' lang='lat' dir='ltr'><strong>do-</strong></span> 
     </span>
     <span class='ocr_line' id='line_1_19' title="bbox 568 2589 2748 2701; baseline 0.002 -28"><span class='ocrx_word' id='word_1_142' title='bbox 568 2625 729 2674; x_wconf 91' lang='lat' dir='ltr'><strong>mus</strong></span> <span class='ocrx_word' id='word_1_143' title='bbox 773 2603 883 2675; x_wconf 89' lang='lat' dir='ltr'><strong>sit.</strong></span> <span class='ocrx_word' id='word_1_144' title='bbox 929 2605 1132 2676; x_wconf 83' lang='lat' dir='ltr'>Certe</span> <span class='ocrx_word' id='word_1_145' title='bbox 1173 2617 1397 2679; x_wconf 90' lang='lat' dir='ltr'><strong>tutum</strong></span> <span class='ocrx_word' id='word_1_146' title='bbox 1436 2619 1577 2694; x_wconf 89' lang='lat' dir='ltr'><strong>est,</strong></span> <span class='ocrx_word' id='word_1_147' title='bbox 1628 2608 1718 2680; x_wconf 91' lang='lat' dir='ltr'><strong>ad</strong></span> <span class='ocrx_word' id='word_1_148' title='bbox 1767 2607 1838 2680; x_wconf 93' lang='lat' dir='ltr'><strong>id</strong></span> <span class='ocrx_word' id='word_1_149' title='bbox 1886 2608 2123 2701; x_wconf 89' lang='lat' dir='ltr'><strong>potius</strong></span> <span class='ocrx_word' id='word_1_150' title='bbox 2165 2608 2315 2692; x_wconf 88' lang='lat' dir='ltr'><strong>niti,</strong></span> <span class='ocrx_word' id='word_1_151' title='bbox 2361 2589 2439 2681; x_wconf 81' lang='lat' dir='ltr'><strong>ut</strong></span> <span class='ocrx_word' id='word_1_152' title='bbox 2481 2610 2580 2681; x_wconf 91' lang='lat' dir='ltr'><strong>sis</strong></span> <span class='ocrx_word' id='word_1_153' title='bbox 2621 2610 2748 2680; x_wconf 88' lang='lat' dir='ltr'><strong>ali-</strong></span> 
     </span>
     <span class='ocr_line' id='line_1_20' title="bbox 567 2724 2743 2821; baseline 0.002 -28"><span class='ocrx_word' id='word_1_154' title='bbox 567 2724 739 2817; x_wconf 90' lang='lat' dir='ltr'><strong>quid</strong></span> <span class='ocrx_word' id='word_1_155' title='bbox 771 2727 929 2820; x_wconf 88' lang='lat' dir='ltr'><strong>plus</strong></span> <span class='ocrx_word' id='word_1_156' title='bbox 955 2749 1168 2821; x_wconf 89' lang='lat' dir='ltr'><strong>quam</strong></span> <span class='ocrx_word' id='word_1_157' title='bbox 1209 2728 1539 2802; x_wconf 81' lang='lat' dir='ltr'><strong>videaris,</strong></span> <span class='ocrx_word' id='word_1_158' title='bbox 1574 2730 1881 2820; x_wconf 89' lang='lat' dir='ltr'><strong>Operosa</strong></span> <span class='ocrx_word' id='word_1_159' title='bbox 1917 2749 2203 2821; x_wconf 84' lang='lat' dir='ltr'><strong>semper</strong></span> <span class='ocrx_word' id='word_1_160' title='bbox 2243 2738 2315 2799; x_wconf 89' lang='lat' dir='ltr'><strong>et</strong></span> <span class='ocrx_word' id='word_1_161' title='bbox 2354 2731 2743 2821; x_wconf 86' lang='lat' dir='ltr'><strong>periculosa</strong></span> 
     </span>
     <span class='ocr_line' id='line_1_21' title="bbox 568 2847 2741 2940; baseline 0.001 -25"><span class='ocrx_word' id='word_1_162' title='bbox 568 2847 890 2919; x_wconf 87' lang='lat' dir='ltr'><strong>iactantia</strong></span> <span class='ocrx_word' id='word_1_163' title='bbox 925 2858 1056 2920; x_wconf 90' lang='lat' dir='ltr'><strong>est.</strong></span> <span class='ocrx_word' id='word_1_164' title='bbox 1094 2847 1294 2921; x_wconf 90' lang='lat' dir='ltr'><strong>Adde</strong></span> <span class='ocrx_word' id='word_1_165' title='bbox 1332 2849 1539 2940; x_wconf 91' lang='lat' dir='ltr'><strong>quod,</strong></span> <span class='ocrx_word' id='word_1_166' title='bbox 1583 2869 1743 2918; x_wconf 89' lang='lat' dir='ltr'><strong>cum</strong></span> <span class='ocrx_word' id='word_1_167' title='bbox 1779 2869 2079 2938; x_wconf 80' lang='lat' dir='ltr'><strong>magnus</strong></span> <span class='ocrx_word' id='word_1_168' title='bbox 2121 2848 2340 2919; x_wconf 88' lang='lat' dir='ltr'><strong>videri</strong></span> <span class='ocrx_word' id='word_1_169' title='bbox 2378 2852 2596 2933; x_wconf 82' lang='lat' dir='ltr'><strong>voleS,</strong></span> <span class='ocrx_word' id='word_1_170' title='bbox 2637 2851 2741 2919; x_wconf 90' lang='lat' dir='ltr'><strong>in-</strong></span> 
     </span>
     <span class='ocr_line' id='line_1_22' title="bbox 568 2967 2739 3062; baseline -0 -24"><span class='ocrx_word' id='word_1_171' title='bbox 568 2967 1024 3040; x_wconf 85' lang='lat' dir='ltr'><strong>numerabilia</strong></span> <span class='ocrx_word' id='word_1_172' title='bbox 1056 2969 1389 3053; x_wconf 89' lang='lat' dir='ltr'><strong>incident,</strong></span> <span class='ocrx_word' id='word_1_173' title='bbox 1422 2990 1585 3062; x_wconf 80' lang='lat' dir='ltr'><strong>quae</strong></span> <span class='ocrx_word' id='word_1_174' title='bbox 1620 2979 1685 3039; x_wconf 87' lang='lat' dir='ltr'><strong>te</strong></span> <span class='ocrx_word' id='word_1_175' title='bbox 1720 2990 1859 3040; x_wconf 92' lang='lat' dir='ltr'><strong>non</strong></span> <span class='ocrx_word' id='word_1_176' title='bbox 1893 2969 2100 3040; x_wconf 93' lang='lat' dir='ltr'><strong>modo</strong></span> <span class='ocrx_word' id='word_1_177' title='bbox 2134 2990 2379 3040; x_wconf 86' lang='lat' dir='ltr'><strong>veram</strong></span> <span class='ocrx_word' id='word_1_178' title='bbox 2415 2969 2508 3041; x_wconf 88' lang='lat' dir='ltr'><strong>ad</strong></span> <span class='ocrx_word' id='word_1_179' title='bbox 2541 2990 2739 3039; x_wconf 91' lang='lat' dir='ltr'><strong>men-</strong></span> 
     </span>
     <span class='ocr_line' id='line_1_23' title="bbox 571 3089 2738 3185; baseline -0.001 -22"><span class='ocrx_word' id='word_1_180' title='bbox 571 3112 810 3163; x_wconf 86' lang='lat' dir='ltr'><strong>suram</strong></span> <span class='ocrx_word' id='word_1_181' title='bbox 860 3090 1204 3185; x_wconf 82' lang='lat' dir='ltr'><strong>redigent,</strong></span> <span class='ocrx_word' id='word_1_182' title='bbox 1250 3091 1373 3164; x_wconf 90' lang='lat' dir='ltr'><strong>sed</strong></span> <span class='ocrx_word' id='word_1_183' title='bbox 1416 3092 1598 3165; x_wconf 83' lang='lat' dir='ltr'><strong>infra</strong></span> <span class='ocrx_word' id='word_1_184' title='bbox 1634 3092 1841 3165; x_wconf 85' lang='lat' dir='ltr'><strong>etiam</strong></span> <span class='ocrx_word' id='word_1_185' title='bbox 1885 3091 2316 3164; x_wconf 82' lang='lat' dir='ltr'><strong>contrahent.</strong></span> <span class='ocrx_word' id='word_1_186' title='bbox 2371 3091 2503 3164; x_wconf 93' lang='lat' dir='ltr'><strong>Uni</strong></span> <span class='ocrx_word' id='word_1_187' title='bbox 2542 3089 2738 3181; x_wconf 83' lang='lat' dir='ltr'><strong>inge-</strong></span> 
     </span>
     <span class='ocr_line' id='line_1_24' title="bbox 570 3202 2742 3308; baseline 0.001 -23"><span class='ocrx_word' id='word_1_188' title='bbox 570 3214 685 3286; x_wconf 91' lang='lat' dir='ltr'><strong>nio</strong></span> <span class='ocrx_word' id='word_1_189' title='bbox 738 3215 908 3288; x_wconf 87' lang='lat' dir='ltr'><strong>satis</strong></span> <span class='ocrx_word' id='word_1_190' title='bbox 949 3227 1081 3302; x_wconf 86' lang='lat' dir='ltr'><strong>est,</strong></span> <span class='ocrx_word' id='word_1_191' title='bbox 1126 3215 1336 3289; x_wconf 90' lang='lat' dir='ltr'><strong>unius</strong></span> <span class='ocrx_word' id='word_1_192' title='bbox 1379 3216 1592 3289; x_wconf 88' lang='lat' dir='ltr'><strong>studii</strong></span> <span class='ocrx_word' id='word_1_193' title='bbox 1641 3202 1936 3308; x_wconf 73' lang='lat' dir='ltr'><strong>gloriam</strong></span> <span class='ocrx_word' id='word_1_194' title='bbox 1975 3213 2248 3286; x_wconf 90' lang='lat' dir='ltr'><strong>mereri.</strong></span> <span class='ocrx_word' id='word_1_195' title='bbox 2302 3214 2439 3299; x_wconf 88' lang='lat' dir='ltr'><strong>Qui</strong></span> <span class='ocrx_word' id='word_1_196' title='bbox 2491 3216 2742 3287; x_wconf 78' lang='lat' dir='ltr'><strong>multa-</strong></span> 
     </span>
     <span class='ocr_line' id='line_1_25' title="bbox 571 3337 2736 3434; baseline -0.001 -23"><span class='ocrx_word' id='word_1_197' title='bbox 571 3360 726 3411; x_wconf 92' lang='lat' dir='ltr'><strong>rum</strong></span> <span class='ocrx_word' id='word_1_198' title='bbox 768 3339 982 3411; x_wconf 90' lang='lat' dir='ltr'><strong>titulis</strong></span> <span class='ocrx_word' id='word_1_199' title='bbox 1024 3338 1273 3411; x_wconf 87' lang='lat' dir='ltr'><strong>artium</strong></span> <span class='ocrx_word' id='word_1_200' title='bbox 1314 3340 1745 3434; x_wconf 88' lang='lat' dir='ltr'><strong>superbiunt,</strong></span> <span class='ocrx_word' id='word_1_201' title='bbox 1774 3347 1898 3411; x_wconf 85' lang='lat' dir='ltr'><strong>aut</strong></span> <span class='ocrx_word' id='word_1_202' title='bbox 1927 3338 2148 3410; x_wconf 89' lang='lat' dir='ltr'><strong>divini</strong></span> <span class='ocrx_word' id='word_1_203' title='bbox 2188 3337 2510 3412; x_wconf 87' lang='lat' dir='ltr'><strong>homines</strong></span> <span class='ocrx_word' id='word_1_204' title='bbox 2549 3348 2736 3423; x_wconf 88' lang='lat' dir='ltr'><strong>sunt,</strong></span> 
     </span>
     <span class='ocr_line' id='line_1_26' title="bbox 570 3461 2742 3559; baseline 0.001 -27"><span class='ocrx_word' id='word_1_205' title='bbox 570 3470 693 3535; x_wconf 91' lang='lat' dir='ltr'><strong>aut</strong></span> <span class='ocrx_word' id='word_1_206' title='bbox 733 3461 1204 3559; x_wconf 76' lang='lat' dir='ltr'><strong>impudenteS,</strong></span> <span class='ocrx_word' id='word_1_207' title='bbox 1253 3472 1377 3537; x_wconf 88' lang='lat' dir='ltr'><strong>aut</strong></span> <span class='ocrx_word' id='word_1_208' title='bbox 1427 3463 1679 3535; x_wconf 77' lang='lat' dir='ltr'><strong>insani,</strong></span> <span class='ocrx_word' id='word_1_209' title='bbox 1733 3462 1906 3549; x_wconf 88' lang='lat' dir='ltr'><strong>Quis</strong></span> <span class='ocrx_word' id='word_1_210' title='bbox 1961 3462 2233 3555; x_wconf 87' lang='lat' dir='ltr'><strong>uspiam</strong></span> <span class='ocrx_word' id='word_1_211' title='bbox 2286 3472 2410 3534; x_wconf 87' lang='lat' dir='ltr'><strong>aut</strong></span> <span class='ocrx_word' id='word_1_212' title='bbox 2466 3463 2742 3534; x_wconf 81' lang='lat' dir='ltr'><strong>Graeco-</strong></span> 
     </span>
     <span class='ocr_line' id='line_1_27' title="bbox 571 3583 2741 3677; baseline 0 -24"><span class='ocrx_word' id='word_1_213' title='bbox 571 3606 728 3655; x_wconf 93' lang='lat' dir='ltr'><strong>rum</strong></span> <span class='ocrx_word' id='word_1_214' title='bbox 763 3592 885 3655; x_wconf 89' lang='lat' dir='ltr'><strong>aut</strong></span> <span class='ocrx_word' id='word_1_215' title='bbox 916 3593 1313 3655; x_wconf 79' lang='lat' dir='ltr'><strong>nostrorum</strong></span> <span class='ocrx_word' id='word_1_216' title='bbox 1340 3583 1412 3657; x_wconf 88' lang='lat' dir='ltr'><strong>id</strong></span> <span class='ocrx_word' id='word_1_217' title='bbox 1437 3584 1983 3677; x_wconf 85' lang='lat' dir='ltr'><strong>praesumpsisse</strong></span> <span class='ocrx_word' id='word_1_218' title='bbox 2015 3584 2741 3655; x_wconf 69' lang='lat' dir='ltr'><strong>memoratur7Novus</strong></span> 
     </span>
     <span class='ocr_line' id='line_1_28' title="bbox 571 3703 2741 3800; baseline -0.001 -23"><span class='ocrx_word' id='word_1_219' title='bbox 571 3727 755 3790; x_wconf 91' lang='lat' dir='ltr'><strong>mos,</strong></span> <span class='ocrx_word' id='word_1_220' title='bbox 809 3727 995 3778; x_wconf 86' lang='lat' dir='ltr'><strong>nova</strong></span> <span class='ocrx_word' id='word_1_221' title='bbox 1037 3706 1436 3779; x_wconf 82' lang='lat' dir='ltr'><strong>temeritas:</strong></span> <span class='ocrx_word' id='word_1_222' title='bbox 1501 3706 1845 3798; x_wconf 82' lang='lat' dir='ltr'><strong>gloriosas</strong></span> <span class='ocrx_word' id='word_1_223' title='bbox 1887 3703 2375 3797; x_wconf 87' lang='lat' dir='ltr'><strong>inscriptiones</strong></span> <span class='ocrx_word' id='word_1_224' title='bbox 2409 3706 2741 3800; x_wconf 71' lang='lat' dir='ltr'><strong>praesefe-</strong></span> 
     </span>
     <span class='ocr_line' id='line_1_29' title="bbox 571 3824 2739 3922; baseline -0 -27"><span class='ocrx_word' id='word_1_225' title='bbox 571 3835 774 3911; x_wconf 90' lang='lat' dir='ltr'><strong>runt,</strong></span> <span class='ocrx_word' id='word_1_226' title='bbox 819 3837 1103 3922; x_wconf 88' lang='lat' dir='ltr'><strong>propter</strong></span> <span class='ocrx_word' id='word_1_227' title='bbox 1141 3848 1351 3920; x_wconf 87' lang='lat' dir='ltr'><strong>quas,</strong></span> <span class='ocrx_word' id='word_1_228' title='bbox 1395 3836 1473 3899; x_wconf 89' lang='lat' dir='ltr'><strong>ut</strong></span> <span class='ocrx_word' id='word_1_229' title='bbox 1523 3829 1620 3898; x_wconf 88' lang='lat' dir='ltr'><strong>ait</strong></span> <span class='ocrx_word' id='word_1_230' title='bbox 1652 3826 1950 3911; x_wconf 87' lang='lat' dir='ltr'><strong>Plinius,</strong></span> <span class='ocrx_word' id='word_1_231' title='bbox 1989 3824 2466 3900; x_wconf 85' lang='lat' dir='ltr'><strong>vadimonium</strong></span> <span class='ocrx_word' id='word_1_232' title='bbox 2507 3826 2739 3899; x_wconf 89' lang='lat' dir='ltr'><strong>deseri</strong></span> 
     </span>
     <span class='ocr_line' id='line_1_30' title="bbox 569 3947 2737 4043; baseline -0 -25"><span class='ocrx_word' id='word_1_233' title='bbox 569 3948 811 4037; x_wconf 88' lang='lat' dir='ltr'><strong>possit.</strong></span> <span class='ocrx_word' id='word_1_234' title='bbox 849 3947 941 4020; x_wconf 90' lang='lat' dir='ltr'><strong>At</strong></span> <span class='ocrx_word' id='word_1_235' title='bbox 975 3972 1133 4023; x_wconf 89' lang='lat' dir='ltr'><strong>cum</strong></span> <span class='ocrx_word' id='word_1_236' title='bbox 1177 3950 1580 4034; x_wconf 87' lang='lat' dir='ltr'><strong>intraveris,</strong></span> <span class='ocrx_word' id='word_1_237' title='bbox 1624 3951 1730 4021; x_wconf 92' lang='lat' dir='ltr'><strong>Dii</strong></span> <span class='ocrx_word' id='word_1_238' title='bbox 1779 3951 2132 4043; x_wconf 84' lang='lat' dir='ltr'><strong>Deaeque!</strong></span> <span class='ocrx_word' id='word_1_239' title='bbox 2192 3973 2402 4043; x_wconf 87' lang='lat' dir='ltr'><strong>quam</strong></span> <span class='ocrx_word' id='word_1_240' title='bbox 2451 3950 2620 4021; x_wconf 89' lang='lat' dir='ltr'><strong>nihil</strong></span> <span class='ocrx_word' id='word_1_241' title='bbox 2668 3949 2737 4017; x_wconf 88' lang='lat' dir='ltr'><strong>in</strong></span> 
     </span>
     <span class='ocr_line' id='line_1_31' title="bbox 542 4067 2738 4165; baseline 0.001 -28"><span class='ocrx_word' id='word_1_242' title='bbox 542 4067 802 4140; x_wconf 77' lang='lat' dir='ltr'><strong>·medio</strong></span> <span class='ocrx_word' id='word_1_243' title='bbox 851 4070 1185 4144; x_wconf 79' lang='lat' dir='ltr'><strong>invenies.</strong></span> <span class='ocrx_word' id='word_1_244' title='bbox 1241 4075 1341 4145; x_wconf 90' lang='lat' dir='ltr'><strong>Tu</strong></span> <span class='ocrx_word' id='word_1_245' title='bbox 1394 4074 1630 4165; x_wconf 81' lang='lat' dir='ltr'><strong>igitur,</strong></span> <span class='ocrx_word' id='word_1_246' title='bbox 1685 4082 1762 4145; x_wconf 84' lang='lat' dir='ltr'><strong>ut</strong></span> <span class='ocrx_word' id='word_1_247' title='bbox 1818 4075 1952 4147; x_wconf 93' lang='lat' dir='ltr'><strong>iam</strong></span> <span class='ocrx_word' id='word_1_248' title='bbox 2009 4074 2289 4146; x_wconf 85' lang='lat' dir='ltr'><strong>tandem</strong></span> <span class='ocrx_word' id='word_1_249' title='bbox 2363 4072 2629 4153; x_wconf 89' lang='lat' dir='ltr'><strong>sileam,</strong></span> <span class='ocrx_word' id='word_1_250' title='bbox 2677 4070 2738 4141; x_wconf 92' lang='lat' dir='ltr'><strong>si</strong></span> 
     </span>
     <span class='ocr_line' id='line_1_32' title="bbox 571 4186 2735 4278; baseline 0.001 -22"><span class='ocrx_word' id='word_1_251' title='bbox 571 4186 739 4278; x_wconf 88' lang='lat' dir='ltr'><strong>quid</strong></span> <span class='ocrx_word' id='word_1_252' title='bbox 774 4188 941 4258; x_wconf 88' lang='lat' dir='ltr'><strong>mihi</strong></span> <span class='ocrx_word' id='word_1_253' title='bbox 984 4192 1237 4275; x_wconf 87' lang='lat' dir='ltr'><strong>credis,</strong></span> <span class='ocrx_word' id='word_1_254' title='bbox 1282 4204 1437 4265; x_wconf 77' lang='lat' dir='ltr'><strong>esto</strong></span> <span class='ocrx_word' id='word_1_255' title='bbox 1480 4195 1616 4267; x_wconf 84' lang='lat' dir='ltr'><strong>tuis</strong></span> <span class='ocrx_word' id='word_1_256' title='bbox 1660 4192 1918 4266; x_wconf 88' lang='lat' dir='ltr'><strong>finibus</strong></span> <span class='ocrx_word' id='word_1_257' title='bbox 1959 4204 2350 4267; x_wconf 77' lang='lat' dir='ltr'><strong>contentus,</strong></span> <span class='ocrx_word' id='word_1_258' title='bbox 2394 4193 2543 4263; x_wconf 91' lang='lat' dir='ltr'><strong>Noli</strong></span> <span class='ocrx_word' id='word_1_259' title='bbox 2582 4190 2735 4262; x_wconf 89' lang='lat' dir='ltr'><strong>illos</strong></span> 
     </span>
    </p>
   </div>
  </div>
 </body>
</html>
