3104 4805
920 461 1105 510 zinza
1148 462 1865 520 (iamvos—ammom
1909 465 2033 512 viu.
2435 451 2546 515 281

410 603 789 699 superioris
826 604 1084 675 eluere.
1120 588 1492 676 Vetus'tam
1524 603 2010 696 aegritudinem
2050 627 2302 699 repens
2336 607 2558 680 medi-

405 730 560 800 cina
597 749 734 798 non
768 726 1073 800 adiuvat.
1115 727 1320 813 Quod
1358 731 1566 820 longo
1594 749 1728 799 usu
1768 727 2168 814 didicimus,
2204 731 2409 823 longa
2433 731 2558 803 de-

412 849 777 923 suetudine
816 848 1317 923 dediscendum
1371 861 1503 922 est.
1545 850 1779 924 Habes
1821 850 1912 922 de
1962 850 2398 946 adolescente
2440 862 2558 926 tuo

407 974 828 1070 praesagium
874 995 1135 1059 meum,
1180 974 1371 1067 quod
1408 974 1673 1046 utinam
1707 975 1958 1046 falsum
2009 973 2230 1044 fuisse
2281 995 2395 1044 res
2436 976 2561 1047 do-

407 1104 587 1167 ceat:
631 1105 702 1168 et
741 1106 929 1167 certe
967 1104 1215 1191 potens
1242 1105 1355 1168 est
1377 1096 1659 1169 Excelsi
1698 1094 2008 1178 dextera,
2038 1094 2414 1167 mutatione
2447 1095 2559 1167 illa

412 1217 766 1303 Davidica,
795 1218 977 1290 dicto
998 1218 1201 1291 citius
1241 1218 1333 1290 ab
1372 1241 1509 1291 uno
1548 1218 2009 1290 miseriarium
2044 1216 2258 1289 fundo
2292 1215 2561 1289 miseri-

405 1341 705 1438 cord-iter
744 1342 1082 1426 attollere3
1121 1342 1246 1416 sed
1287 1342 1358 1414 id
1392 1341 1861 1447 rarissimum,
1886 1350 1956 1413 et
1978 1341 2555 1435 paucissimorum

407 1462 795 1549 hominum,
834 1465 1004 1537 scito
1045 1486 1229 1537 esse.
1274 1466 1465 1537 Vale.

687 1607 765 1662 111
795 1607 926 1664 Idus
954 1609 1140 1666 Maias,

1237 1978 1589 2042 EPISTOLA
1633 1978 1722 2040 lx.

406 2165 791 2217 FRANCISCUS
824 2165 1161 2217 PETRARCA
1196 2165 1459 2216 IOHANNI
1493 2165 1767 2215 ANDREAE
1803 2166 1861 2215 F.
1895 2165 2281 2216 BONONIENSI
2313 2167 2365 2216 S.
2402 2167 2456 2216 P.
2494 2168 2552 2217 D.

1180 2328 1259 2384 De
1296 2345 1425 2385 sene
1461 2328 1772 2389 libidinoso,

599 2553 1015 2626 Dissimilem
1056 2555 1298 2647 primae
1341 2555 1466 2627 sed
1507 2555 1862 2628 iustiorem
1907 2565 2167 2651 satyrae
2194 2556 2552 2628 materiam

403 2674 640 2760 affers3
676 2677 1113 2750 luxuriosum
1155 2700 1236 2750 ac
1276 2678 1614 2751 lascivum
1659 2699 1921 2750 senem.
1980 2679 2066 2749 Ut
2112 2678 2300 2749 enim
2326 2678 2556 2750 decla-

403 2812 625 2873 mator
658 2800 769 2873 ille
800 2800 924 2887 ait,
959 2798 1329 2871 adolescens
1375 2778 1763 2873 lumuriosus
1796 2812 2055 2896 peccat,
2105 2821 2315 2871 senem
2349 2804 2556 2871 tumu-

398 2924 611 2994 riosus
646 2925 922 2995 insanit.
968 2921 1068 2996 Ac
1105 2926 1405 3019 profecto
1446 2924 1547 2997 sic
1584 2935 1724 3009 est,
1768 2933 1846 2994 ut
1890 2923 1989 2995 ait
2018 2923 2336 2995 Plautus:
2389 2920 2555 2993 deli·

399 3068 623 3116 ramus
695 3044 1025 3118 interdum
1094 3068 1278 3118 senes
1290 3071 1310 3129 ,·
1348 3048 1516 3118 imo
1573 3067 1746 3118 vero
1792 3067 1932 3117 non
1983 3045 2357 3147 interdum,
2428 3044 2555 3117 sed

403 3168 814 3263 saepissime.
868 3170 1014 3241 Hoc
1052 3169 1165 3242 illa
1204 3172 1342 3241 iam
1384 3181 1529 3242 tum
1571 3179 1778 3243 aetate
1817 3179 2121 3264 coeptum
2149 3177 2328 3250 erat3
2371 3189 2555 3238 nunc

405 3299 636 3360 autem
686 3298 1046 3383 reptamus
1084 3290 1408 3378 infantes,
1452 3291 1757 3365 ludimus
1798 3293 2021 3385 pueri,
2078 3293 2555 3365 adolescentes

403 3407 815 3496 insanimus,
859 3411 1334 3484 conflictamus
1383 3414 1546 3499 viri,
1584 3414 1961 3486 deliramus
2005 3435 2233 3487 senes.
2279 3414 2379 3484 Ita
2404 3414 2557 3483 nul-

405 3533 541 3602 lam
606 3534 772 3604 vitae
832 3544 1097 3626 partem
1149 3534 1539 3630 perdimus3
1609 3535 1735 3608 sed
1794 3557 1998 3608 omne
2056 3557 2290 3607 aevum
2341 3534 2556 3607 variis

405 3655 685 3749 quidem
731 3677 1044 3727 errorum
1079 3656 1441 3750 gradibus,
1484 3656 1624 3729 imo
1665 3656 1972 3729 stultitiae
2034 3667 2268 3730 tenore
2321 3658 2558 3730 tradu-

409 3778 653 3849 cimus.
696 3776 948 3850 Nescio
986 3780 1158 3874 quid
1197 3779 1457 3864 dicam,
1511 3779 1647 3852 nisi
1711 3781 1917 3852 tantis
1952 3783 2020 3852 in
2074 3779 2379 3852 tenebris
2431 3781 2556 3852 ali-

408 3901 578 3993 quid
600 3899 927 3973 aethereae
964 3903 1136 3977 lucis
1177 3902 1531 3976 affulserit.
1568 3905 1820 3976 Parum
1848 3904 2098 3977 absum
2125 3904 2217 3976 ab
2237 3905 2555 3999 antiquo-

409 4045 562 4094 rum
605 4025 970 4112 sententia,
1017 4038 1092 4100 ut
1123 4049 1263 4100 non
1290 4028 1480 4099 nasci
1506 4030 1841 4123 optimum
1869 4030 2101 4113 suerit3
2127 4030 2548 4124 proximum,

407 4147 918 4244 quamprimum
953 4152 1148 4223 mori.
1177 4150 1500 4223 Omnium
1535 4162 1768 4225 tamen
1802 4152 2279 4227 huiuscemodi
2305 4175 2552 4227 senum

405 4273 767 4346 excusatio
817 4296 955 4345 una
1005 4285 1140 4361 est,
1196 4273 1629 4349 imbecillitas
1683 4276 1911 4351 aetatis
1966 4276 2208 4351 solatio
2253 4276 2546 4370 egentiS,
