3104 4805
888 362 1068 410 tumn
1115 361 1849 412 octavus—ammom
1895 369 1994 414 vu.
2398 357 2517 418 445

357 505 749 598 expergisci
789 504 1027 575 datum
1074 504 1208 574 sit!
1249 504 1261 537 ⁸
1316 503 1453 574 Sed
1503 505 1593 576 de
1649 505 1778 574 hoc
1827 506 2020 586 alias.
2071 510 2268 583 Nunc
2318 512 2519 583 inex-

358 628 678 698 haustam
733 626 983 696 seriem
1016 624 1421 716 *gemituum
1478 646 1790 694 meorum
1860 647 2266 719 prosequor.
2332 634 2517 703 Non-

356 749 525 818 dum
579 744 1050 818 satisfeceram
1093 747 1446 830 Fortunae,
1502 745 1635 815 nisi
1691 747 1996 818 acutiore
2059 771 2169 819 me
2226 755 2517 844 cuspide

356 869 738 961 impeteret,
778 878 847 938 et
888 866 979 938 ad
1018 866 1191 937 iram
1232 867 1354 944 Dei
1398 867 1858 957 malignorum
1903 870 2094 939 furor
2135 870 2513 943 accederet.

355 991 481 1061 Hei
522 989 718 1073 mihi,
774 988 907 1059 iam
951 987 1274 1072 deficere,
1329 988 1466 1057 iam
1525 997 1824 1059 tremere
1888 988 2180 1081 incipi03
2251 990 2516 1062 illorum

358 1133 550 1183 more
598 1132 779 1202 quos
844 1110 1109 1202 primus
1165 1121 1397 1201 torpor
1445 1108 1701 1197 gelidae
1752 1109 1965 1180 febris
2018 1111 2327 1192 invadit,
2383 1112 2517 1184 iam

358 1242 500 1304 toto
538 1253 826 1324 corpore
866 1231 1308 1315 cohorrescO,
1352 1241 1424 1302 et
1461 1231 1758 1302 libenter
1807 1232 2010 1304 valde
2050 1234 2141 1305 ab
2182 1233 2291 1304 his
2332 1234 2520 1305 curis

357 1365 429 1426 et
466 1356 556 1427 ab
599 1355 728 1425 hoc
770 1375 1093 1424 sermone
1135 1354 1599 1436 diverterem3
1644 1352 1768 1424 sed
1810 1353 2093 1448 impellit
2142 1379 2224 1427 ac
2273 1356 2519 1451 praeci-

358 1478 530 1569 pitat
568 1476 871 1548 animum
910 1476 1128 1559 dolor,
1166 1497 1377 1568 quem
1418 1477 1694 1547 frenare
1729 1499 1869 1548 non
1902 1480 2123 1549 valeo.
2166 1481 2356 1549 Duos
2395 1500 2521 1549 no-

358 1600 467 1671 bis
509 1600 769 1671 amicos
812 1602 1081 1671 fortuna
1126 1598 1527 1689 reliquerat,
1572 1609 1641 1670 et
1681 1598 1840 1669 licet
1872 1599 2047 1669 alios
2088 1601 2513 1691 reliquisset,

360 1722 404 1790 ii
457 1733 688 1793 tamen
738 1733 935 1794 erant
997 1721 1414 1814 quibuscum
1467 1730 1745 1813 tempus
1801 1721 1967 1791 vitae
2020 1730 2279 1790 nostrae
2334 1723 2520 1812 quod

359 1851 605 1927 restat,
649 1864 731 1914 ea
772 1865 910 1914 non
951 1843 1385 1936 prohibente,
1431 1863 1642 1933 posse
1685 1842 2051 1913 traducere
2085 1841 2517 1913 videbamur.

360 1963 537 2047 Quid
582 1962 765 2034 enim
807 1986 902 2033 ex
935 1964 1259 2034 omnibus
1299 1960 1679 2033 obstabat?
1718 1962 1867 2031 Non
1921 1947 2324 2056 paupertaS,
2383 1985 2519 2032 non

359 2084 646 2167 divitiae,
687 2107 823 2154 non
864 2084 1242 2176 disparitas
1284 2085 1763 2167 voluntatum3
1806 2084 2082 2155 animus
2118 2085 2185 2153 in
2223 2094 2520 2177 quatuor

361 2227 541 2276 unus
577 2214 745 2277 erat.
785 2207 1023 2298 ltaque
1058 2205 1432 2297 gloriabar,
1477 2206 1955 2297 antiquitatem
1991 2207 2297 2298 perraris
2341 2216 2410 2275 ct
2450 2208 2518 2276 in

359 2327 660 2399 diversis
706 2328 985 2399 saeculis
1027 2350 1166 2400 uno
1207 2331 1318 2398 vel
1364 2331 1609 2412 alter0,
1656 2338 1930 2399 aetatem
1988 2350 2160 2399 vero
2208 2337 2516 2398 nostram

358 2472 546 2535 esse,
591 2462 661 2522 et
700 2452 986 2522 domum
1031 2474 1239 2522 unam
1284 2450 1484 2521 brevi
1526 2452 1671 2521 sore
1713 2449 1990 2521 duobus
2028 2451 2230 2521 simul
2266 2450 2522 2520 amico-

360 2596 512 2642 rum
544 2573 832 2666 paribus
873 2573 1300 2644 adornatam.
1336 2572 1568 2644 Minus
1603 2573 1877 2667 proprie
1906 2574 2100 2665 paria
2127 2560 2517 2655 nominari3

361 2718 573 2765 unum
631 2705 806 2777 erat,
863 2695 1000 2765 imo
1052 2716 1223 2766 vero
1280 2684 1539 2765 nullum
1594 2715 1742 2787 par,
1801 2694 1926 2765 sed
2000 2717 2140 2766 una
2212 2695 2518 2765 omnium

359 2836 583 2901 mens,
638 2825 713 2886 ut
762 2815 932 2887 dixi.
986 2816 1169 2899 Quid
1224 2817 1397 2910 (heu
1451 2815 1706 2909 mihil)
1777 2817 1964 2887 Luca
2031 2825 2271 2886 nostro
2324 2815 2520 2886 beni-

278 2995 284 3002 .
355 2939 566 3029 gnius
589 2942 623 3008 ‘?
656 2940 839 3023 Quid
875 2940 1233 3012 Mainardo
1270 2939 1562 3010 suavius
1590 2940 1625 3006 ‘l
1661 2938 1735 3006 ln
1772 2959 2069 3029 quorum
2105 2937 2355 3009 iudicio
2390 2958 2517 3007 nos

354 3081 588 3132 errare
628 3060 1022 3133 diuturnior
1061 3059 1492 3151 experientia
1534 3080 1672 3128 non
1719 3058 2007 3129 sinebat.
2051 3059 2326 3127 Primus
2367 3057 2520 3148 qui-

357 3181 516 3251 dem
563 3183 662 3251 sic
703 3183 934 3252 animo
972 3180 1426 3271 composituS,
1467 3187 1544 3247 ut
1584 3186 1842 3270 praeter
1880 3177 2364 3246 dulcissimum
2415 3177 2521 3246 iu-

358 3300 1009 3390 cundissimumque
1065 3298 1489 3375 convictum,
1544 3296 1755 3364 etiam
1807 3304 2205 3363 nostrorum
2260 3292 2521 3365 studio-

361 3443 515 3489 rum
557 3420 903 3513 particeps
943 3427 1015 3488 et
1053 3437 1290 3486 comes
1332 3425 1542 3487 esset.
1588 3411 1779 3483 Alter
1814 3422 2070 3497 autem,
2106 3417 2240 3486 etsi
2276 3416 2520 3488 huius-

359 3541 630 3612 cemodi
682 3562 912 3611 rerum
967 3560 1249 3633 expers,
1305 3537 1585 3608 abunde
1640 3544 1868 3608 tamen
1920 3546 2206 3609 ornatus
2261 3538 2343 3609 iis
2394 3560 2519 3632 per

359 3685 519 3754 quae
548 3663 798 3734 studiis
828 3661 1080 3733 talibus
1106 3661 1536 3756 pervenitur,
1575 3660 2005 3731 humanitate
2041 3660 2316 3745 scilicet,
2358 3657 2512 3743 fide,

358 3784 790 3867 liberalitate,
835 3784 1243 3855 constantia.
1298 3784 1479 3867 Quid
1530 3785 1806 3855 multa?
1855 3783 2267 3855 Liberalium
2309 3782 2518 3853 disci-

359 3906 699 3997 plinarum
743 3907 1052 3992 nesciuS,
1100 3908 1225 3980 sed
1269 3907 1375 3978 vir
1415 3906 1642 3978 bonus
1694 3916 1763 3976 et
1813 3905 2077 3976 amicus
2129 3927 2289 3979 esse
2341 3904 2517 3976 didi-

519 4103 533 4132 ¹
566 4104 686 4154 Heio
710 4104 760 4153 in
787 4104 993 4156 Venetis
1019 4108 1382 4171 antiquioribus
1405 4107 1721 4160 Editionibus
1752 4109 1965 4173 epistola
1989 4108 2094 4159 haec
2126 4108 2346 4173 explicit.
2383 4108 2514 4159 Reli·

358 4193 456 4244 qua
486 4181 538 4232 in
562 4182 624 4233 iis
647 4182 1012 4235 desiderantur.
