3104 4805
540 347 617 408 26
1054 355 1379 406 FRANclsci
1408 355 1772 417 fnrnAncAE
1817 357 2169 406 PRAEFA‘rlo.

543 505 709 577 mihi
754 486 1193 595 'vivendique
1259 524 1440 573 unus
1512 502 1624 595 (ut
1685 503 2025 596 auguror)
2098 503 2256 574 finis
2328 506 2479 576 erit.
2547 509 2683 579 Sed

543 652 699 701 cum
783 638 1031 698 caetera
1068 648 1267 696 suos
1333 623 1506 695 fines
1576 614 1697 695 aut
1762 624 2099 709 habeant,
2173 635 2292 695 aut
2366 640 2675 723 sperent,

544 751 751 822 huius
800 747 1053 841 operiS,
1110 747 1294 840 quod
1339 748 1634 839 sparsim
1687 747 1821 818 sub
1869 747 2165 838 primum
2207 748 2681 823 adolescentiae

547 886 812 966 tempus
863 870 1233 963 incoeptum
1293 869 1427 941 iam
1487 878 1692 940 aetate
1750 870 2134 961 provectior
2191 872 2546 963 recolligO‚
2614 887 2683 946 et

547 996 616 1066 in
654 993 809 1066 libri
850 996 1135 1065 sormam
1179 992 1441 1082 redigo,
1494 993 1755 1062 nullum
1798 990 2003 1063 finem
2044 992 2418 1064 amicorum
2458 997 2686 1066 chari-

547 1130 653 1189 tas
721 1116 1040 1209 spondet,
1110 1114 1364 1207 quibus
1431 1113 1714 1186 assidue
1781 1117 2195 1208 respondere
2272 1120 2681 1211 compellor:

548 1264 767 1333 neque
807 1263 916 1310 me
955 1260 1258 1331 unquam
1300 1238 1429 1309 hoc
1469 1237 1723 1308 tributo
1763 1239 2121 1330 multiplex
2160 1240 2680 1331 occupationum

545 1362 902 1435 excusatio
952 1359 1215 1431 liberat.
1272 1362 1442 1429 Tum
1494 1359 1772 1431 demum
1835 1372 1905 1432 et
1968 1360 2136 1432 mihi
2185 1360 2678 1432 immunitatem

548 1486 754 1558 huius
795 1483 1100 1555 muneris
1142 1482 1532 1576 quaesitam,
1587 1495 1657 1555 et
1705 1483 1866 1555 huic
1905 1483 2092 1577 operi
2130 1483 2424 1576 positum
2474 1483 2680 1554 finem

550 1608 741 1693 scito,
808 1630 963 1677 cum
1032 1629 1140 1677 me
1204 1607 1630 1692 defunctum,
1685 1618 1752 1679 et
1801 1608 2064 1679 cunctis
2115 1606 2279 1678 vitae
2327 1605 2680 1679 laboribus

550 1728 941 1800 absolutum
982 1729 1283 1801 noveris.
1328 1730 1607 1802 Interim
1645 1730 1772 1802 iter
1823 1731 2164 1822 inceptum
2217 1752 2494 1822 sequar,
2547 1752 2682 1801 non

550 1851 741 1945 prius
780 1852 917 1925 viae
955 1875 1165 1944 quam
1201 1851 1372 1923 lucis
1407 1851 1671 1924 exitum
1712 1851 2107 1943 opperiens;
2131 1862 2202 1922 et
2233 1852 2484 1944 quietis
2519 1852 2684 1924 mibi

549 1978 696 2048 loco
745 1975 951 2049 fuerit
997 1975 1218 2048 dulcis
1259 1975 1473 2047 labor.
1518 1977 1857 2047 Caeterum
1901 1973 2118 2075 (quod
2156 1986 2226 2046 et
2263 1975 2573 2047 rhetores
2620 1985 2690 2048 et

552 2098 882 2170 bellorum
923 2099 1135 2170 duces
1180 2095 1427 2189 solent)
1472 2095 1963 2170 infirmioribus
2005 2097 2075 2169 in
2113 2098 2412 2171 medium
2462 2099 2689 2169 conie-

550 2223 704 2307 ctiS,
742 2222 926 2293 dabo
963 2240 1270 2312 operam,
1309 2227 1385 2289 ut
1419 2218 1596 2290 sicut
1629 2220 1850 2314 prima
1882 2221 2039 2292 libri
2070 2223 2292 2306 from,
2331 2221 2431 2293 sic
2459 2232 2689 2291 extre-

553 2367 664 2416 ma
704 2344 884 2416 acies
925 2339 1245 2413 virilibus
1287 2339 1643 2413 sententiis
1685 2340 1887 2414 firma
1928 2342 2060 2415 sit:
2113 2346 2223 2416 vel
2272 2367 2357 2417 eo
2396 2342 2689 2438 amplius

552 2486 690 2555 quo
727 2462 1026 2534 vivendo
1068 2460 1290 2550 magis
1326 2483 1407 2532 ac
1439 2462 1666 2554 magis
1705 2462 2101 2536 induruisse
2138 2464 2409 2551 videor,
2451 2476 2691 2538 contra

554 2583 845 2671 impetus
912 2591 1115 2672 atque
1180 2580 1465 2652 iniurias
1531 2585 1842 2655 fortunae.
1911 2587 2217 2679 Denique
2295 2587 2452 2678 quis
2517 2588 2692 2659 inter

550 2700 1020 2794 experimenta
1054 2725 1286 2774 rerum
1323 2703 1455 2773 sim
1483 2705 1756 2776 futurus
1792 2707 2094 2799 profiteri
2128 2708 2407 2777 minime
2440 2706 2686 2776 ausim.
2773 2753 2780 2756 -

554 2825 692 2897 Sed
736 2824 870 2896 hoc
917 2824 1144 2896 animo
1195 2828 1349 2896 s'um
1400 2834 1477 2895 ut
1525 2827 1693 2895 nulli
1734 2828 2028 2920 amplius
2079 2828 2178 2898 rei
2220 2824 2682 2898 succumbam.

1107 3026 1168 3088 Si
1202 2988 1427 3090 fractus
1462 3025 1740 3089 illabatur
1774 3026 1968 3104 orbiS‚

1112 3126 1489 3206 impavidum
1521 3125 1738 3187 ferient
1769 3126 1986 3188 ruinae.

555 3316 654 3391 Ita
680 3340 791 3388 me
812 3317 1113 3388 Maronis
1141 3318 1500 3411 Flaccique
1539 3316 1894 3389 sententiis
1924 3326 2258 3388 armatum
2290 3315 2484 3401 scito,
2515 3338 2690 3407 quas

554 3443 714 3515 olim
753 3443 992 3525 lectaS,
1042 3452 1113 3511 et
1161 3461 1347 3534 saepe
1395 3441 1739 3524 laudataS‚
1794 3462 1978 3511 nunc
2017 3439 2291 3511 tandem
2344 3438 2415 3508 in
2463 3449 2695 3509 extre-

557 3566 687 3637 mis
737 3563 1016 3636 casibus
1063 3585 1253 3635 meas
1305 3566 1527 3634 facere
1578 3562 1729 3656 ipsa
1770 3561 2187 3634 inevitabilis
2238 3561 2353 3633 fati
2394 3561 2695 3634 necessi-

560 3698 693 3760 tate
732 3686 961 3760 didici.
2031 3775 2032 3778 Ἴ

749 3812 962 3882 Dulce
1020 3810 1187 3881 mihi
1237 3809 1651 3904 colloquium
1715 3819 1937 3880 tecum
1985 3808 2142 3878 fuit:
2195 3808 2577 3900 cupideque
2624 3816 2692 3875 et

556 3928 756 4020 quasi
795 3930 883 4000 de
922 3930 1256 4005 industria
1307 3943 1746 4025 protractum.
1789 3932 2069 4002 Vultum
2119 3928 2303 4001 enim
2355 3937 2548 3998 tuum
2589 3946 2695 3994 re-

563 4049 735 4134 tulit,
790 4073 911 4142 per
965 4063 1060 4124 tot
1110 4066 1326 4127 terras
1384 4066 1453 4126 et
1509 4053 1752 4138 maria,
1809 4065 2012 4146 teque
2062 4052 2232 4122 mihi
2282 4058 2693 4142 praesentem

560 4172 714 4245 fecit
752 4195 970 4266 usque
1013 4175 1100 4247 ad
1140 4199 1540 4270 vesperam:
1582 4200 1737 4248 cum
1791 4174 2124 4248 matutino
2176 4186 2478 4264 tempore
2517 4171 2696 4241 cala-
