3104 4805
558 352 676 413 205
1226 362 1308 411 1>ss
1349 362 1552 411 asans
1596 361 2040 412 mmtituunus

558 528 783 593 rereS‚
828 506 998 601 quid
1032 505 1222 578 aliud
1262 527 1474 596 quam
1515 505 1905 578 studiorum
1948 525 2223 576 summa
2272 505 2721 577 conformitas

556 633 764 705 fecit?
803 631 922 701 Ille
955 628 1240 722 quidem
1274 637 1613 721 quantum
1644 627 1833 699 curis
1871 627 2019 698 suis
2055 629 2365 698 solamen
2400 628 2724 700 adscive—

556 754 660 840 rit,
687 753 1010 836 dicerem,
1044 753 1102 822 si
1130 752 1316 846 apud
1341 751 1555 821 alium
1582 752 1920 843 loquerer.
1952 749 2101 820 Tibi
2123 759 2314 822 certe
2348 751 2439 822 ad
2466 752 2719 822 interni

557 876 853 949 hominis
902 897 1167 969 paoem,
1219 897 1453 967 quam,
1492 873 1595 945 uti
1643 894 1833 967 saepe
1870 873 2305 966 querebari8‚
2363 882 2718 946 tusoarum

557 1020 787 1070 rerum
844 1000 1081 1090 fragor
1136 998 1527 1089 expulerat,
1592 1019 1732 1088 quo
1782 996 2347 1089 compendiosius
2389 1019 2718 1090 pergeres

555 1142 689 1192 non
732 1131 900 1193 erat.
945 1121 1401 1212 congratulor
1441 1141 1615 1212 ergo
1657 1142 1780 1191 seu
1822 1119 2211 1212 prudentiae
2257 1142 2385 1193 seu
2423 1123 2718 1193 fortunae

555 1255 719 1328 tute,
763 1254 834 1315 et
871 1265 1148 1327 vocem,
1198 1263 1359 1335 quae
1410 1253 1571 1315 tuno
1635 1242 1804 1312 mihi
1854 1242 1984 1313 fuit
2035 1244 2106 1312 in
2170 1266 2318 1327 ore,
2365 1244 2717 1337 aliquanto

553 1390 741 1438 nunc
782 1365 1110 1440 fidentius,
1149 1375 1409 1461 repeto.
1448 1365 1578 1437 Ubi
1619 1367 1801 1438 enim
1846 1367 2029 1437 sama
2069 1367 2365 1460 primum
2393 1422 2408 1451 ‚
2466 1365 2717 1437 deinde

553 1512 682 1584 per
730 1487 1001 1559 litteras
1057 1498 1213 1560 tuas
1256 1491 1515 1583 accepi,
1564 1501 1629 1561 te
1666 1490 2013 1561 Florentia
2053 1491 2447 1582 digressum
2497 1490 2718 1561 ivisse

552 1611 939 1704 Neapolim;
983 1623 1053 1684 et
1093 1635 1362 1685 mecum
1398 1625 1467 1686 et
1499 1637 1660 1686 cum
1695 1614 1934 1686 amicis
1971 1612 2149 1684 dixi:
2185 1614 2560 1710 Dionysius
2592 1636 2720 1684 no-

556 1743 701 1805 ster
767 1736 858 1807 ad
922 1736 1486 1830 tranquillitatem
1552 1739 1763 1809 animi
1829 1738 2099 1832 magnis
2163 1738 2493 1831 passibus
2557 1761 2719 1810 oon-

555 1857 796 1944 tendit,
873 1870 944 1932 et
1015 1861 1108 1932 ad
1181 1860 1456 1933 beatam
1532 1861 1750 1933 vitam
1829 1872 2090 1933 rectum
2154 1862 2286 1934 iter
2350 1845 2716 1954 ingressus

553 1992 685 2054 est.
754 1984 853 2055 De
919 2007 1031 2055 me
1098 1995 1331 2056 autem
1414 1984 1515 2056 sic
1583 1983 1764 2057 habe
1803 2012 1818 2054 :
1894 1985 2093 2057 brevi
2165 1998 2234 2058 te
2299 2006 2713 2079 consequar.

554 2106 752 2177 Nosti
778 2106 961 2177 enim
987 2107 1157 2199 quid
1193 2107 1281 2179 de
1314 2110 1552 2180 laurea
1586 2108 1840 2200 cogitO,
1870 2130 2098 2201 quam,
2132 2109 2406 2201 singula
2431 2108 2710 2190 libranS,

555 2240 812 2322 praeter
860 2230 1086 2322 ipsum
1148 2228 1236 2300 de
1285 2251 1424 2321 quo
1473 2215 1824 2322 loquimur
1883 2253 2145 2323 regem,
2200 2231 2370 2302 nulli
2435 2229 2715 2300 omnino

556 2352 949 2424 mortalium
990 2350 1244 2423 debere
1285 2350 1632 2422 constitui.
1687 2353 1756 2423 Si
1827 2354 1995 2425 tanti
2061 2355 2257 2426 fuero
2319 2363 2401 2424 ut
2462 2373 2708 2437 vocer,

557 2475 736 2545 bene
774 2483 902 2567 est.
969 2473 1311 2567 Alioquin,
1353 2473 1611 2567 fingam
1672 2478 1908 2548 nescio
1975 2477 2144 2571 quid
2210 2479 2543 2562 audiisse,
2599 2479 2715 2549 vel

554 2597 869 2690 epistolae
911 2617 1059 2666 suae
1093 2618 1397 2681 sensum,
1443 2621 1650 2689 quam
1690 2600 1840 2691 ipse
1877 2598 2046 2669 mihi
2101 2622 2372 2670 summa
2413 2584 2713 2671 bominis

556 2716 878 2809 incogniti
917 2729 987 2789 et
1026 2717 1563 2790 familiarissima
1604 2719 2005 2811 dignatione
2051 2721 2461 2805 transmisit,
2506 2723 2708 2815 quasi

555 2839 903 2920 dubitans,
942 2839 1010 2910 in
1035 2862 1189 2911 eam
1223 2840 1663 2936 potissimum
1698 2852 1960 2934 partem
1999 2842 2268 2912 traham
2308 2851 2385 2911 ut
2418 2854 2710 2915 vocatus

555 2962 816 3033 videar.
861 2963 950 3032 Et
989 2964 1182 3055 regio
1223 2963 1504 3057 quidem
1548 2964 1706 3035 stilo
1745 2962 2076 3055 quiddam
2119 2963 2325 3032 modo
2359 2964 2708 3058 plebeium

555 3084 843 3169 reddidi,
879 3087 1147 3177 fulgore
1186 3084 1543 3170 attonitus,
1589 3108 1718 3156 nec
1752 3086 1975 3177 aequis
2012 3084 2264 3177 ingenii
2300 3086 2600 3170 viribuS‚
2638 3094 2721 3156 et

557 3209 724 3304 lyra,
766 3216 844 3279 ut
875 3209 1091 3294 aiunt,
1136 3211 1341 3300 longe
1383 3209 1649 3303 impari.
1694 3209 1886 3279 Vale.

840 3355 891 3410 11
927 3355 1113 3410 Nonas
1141 3354 1401 3411 Ianuarii.
1436 3355 1524 3410 Ad
1547 3355 1759 3410 fontem
1788 3354 2011 3427 Sorgiae.
