3104 4805
867 387 1053 438 mnan
1095 385 1420 437 snm-mus.
1443 386 1850 436 -ΕΡιετοιΑ
1893 389 1997 436 xu.
2394 374 2512 436 383

357 535 538 609 illius
583 534 906 629 temporis
951 534 1365 606 brevitatem
1408 533 1901 607 ardentissima
1935 533 2097 604 hinc
2129 535 2310 606 illinc
2344 534 2512 607 cha-

357 656 556 729 ritate
602 657 1035 740 laxavimus;
1102 667 1173 729 et
1228 655 1566 750 quidquid
1636 656 1706 726 in
1765 651 2069 727 amicitia
2132 655 2334 728 dulce
2398 662 2511 731 vel

358 789 675 851 sanctum
701 789 828 864 est,
859 778 1048 873 quod
1082 779 1151 850 in
1188 779 1497 873 spatioso
1524 800 1682 850 aevo
1716 775 1829 848 alii
1867 778 2108 877 solent,
2139 799 2265 849 nos
2292 779 2515 872 expli-

355 904 627 976 cuimus
678 904 746 973 in
797 913 1133 997 angust03
1197 914 1272 975 ut
1334 903 1470 974 iam
1521 900 1883 975 delectatio
1948 908 2187 972 nostra
2249 900 2517 974 diutur-

359 1029 535 1114 nior,
586 1026 910 1099 amicitiae
948 1050 1120 1099 vero
1162 1025 1342 1100 fides
1377 1037 1565 1098 certe
1604 1047 1831 1122 neque
1882 1024 2238 1110 sincerior,
2292 1048 2516 1118 neque

357 1150 784 1223 familiaritas
827 1150 1078 1223 arctior
1117 1171 1280 1222 esse
1332 1160 1591 1244 posset.
1645 1148 1898 1222 Invidit
1948 1157 2298 1241 gustatam
2351 1147 2519 1218 mihi

359 1278 526 1348 vitae
564 1275 994 1349 dulcedinem
1037 1276 1334 1346 fortuna.
1384 1273 1689 1346 Plurima
1730 1284 1801 1345 et
1848 1294 2105 1367 magna
2157 1270 2317 1345 fidei
2370 1291 2521 1342 suae

360 1400 649 1494 pignora
690 1421 904 1472 sanus
944 1419 1276 1493 aegerque
1317 1396 1622 1494 suscepi,
1660 1418 1821 1490 quae
1864 1396 1934 1468 in
1976 1395 2187 1469 animi
2222 1393 2359 1467 mei
2398 1415 2521 1490 pe—

360 1521 740 1593 netralibus
781 1520 1220 1595 adamantina
1263 1519 1431 1593 sede
1469 1520 1844 1593 recondidi.
1883 1521 2114 1614 Spero,
2152 1519 2392 1592 itidem
2431 1519 2519 1591 de

361 1668 471 1718 me
513 1645 624 1717 ille
668 1644 975 1730 sentiret,
1018 1667 1241 1739 eoque
1280 1644 1721 1740 propensius,
1767 1665 1906 1737 quo
1939 1653 2010 1715 et
2040 1643 2516 1716 humaniorem

363 1769 554 1840 illum
596 1780 666 1839 ct
704 1768 1157 1841 amantiorem
1200 1778 1450 1841 natura
1490 1768 1890 1863 protulerat.
1933 1767 2129 1838 Nunc
2169 1776 2398 1837 autem
2440 1764 2521 1836 il-

363 1892 496 1963 lius
542 1892 871 1986 temporis
914 1893 1274 1979 memoria,
1319 1905 1389 1965 et
1429 1914 1667 1964 amara
1708 1891 1876 1963 mihi
1920 1892 2152 1975 simul,
2195 1901 2265 1962 et
2296 1888 2519 1962 dulcis

363 2024 510 2100 est;
552 2015 713 2087 hinc
753 2018 1038 2100 mulcet,
1083 2015 1244 2086 hinc
1283 2016 1580 2100 cruciat,
1622 2038 1752 2087 nec
1796 2015 1965 2087 satis
2009 2013 2333 2110 expedio,
2372 2036 2520 2084 1113-

365 2136 572 2208 1ἰ111113
630 2135 850 2208 fuisse
900 2138 998 2209 illi
1046 2137 1308 2210 homini
1359 2148 1566 2209 notus
1608 2161 1695 2209 an
1747 2135 2158 2229 incognitus.
2202 2134 2520 2207 Amicum

364 2257 547 2329 enim
588 2260 816 2342 talem,
856 2258 1018 2329 felix
1062 2270 1132 2330 et
1170 2259 1374 2332 dulce
1425 2257 1707 2352 quidem
1751 2256 2126 2343 habuisse,
2174 2256 2303 2329 sed
2352 2255 2522 2329 ami-

367 2381 575 2476 sisse,
620 2381 1088 2455 miserrimum
1130 2391 1337 2478 atque
1380 2381 1918 2455 amarissimum.
1962 2382 2328 2476 Nunquam
2381 2384 2523 2454 fere

365 2504 538 2575 alias
580 2527 689 2576 me
731 2505 986 2598 ipsum,
1034 2516 1109 2577 ut
1158 2529 1365 2591 nunc,
1423 2527 1916 2588 excusseram3
1967 2505 2157 2599 quod
2191 2527 2327 2578 non
2372 2506 2523 2578 sine

364 2627 632 2721 pudore
672 2631 928 2700 fateor:
969 2639 1039 2701 et
1072 2628 1441 2702 affectuum
1484 2628 1556 2700 in
1596 2651 1707 2700 me
1742 2630 1926 2725 pluS,
1969 2638 2039 2700 et
2088 2628 2342 2701 virium
2396 2628 2523 2699 mi-

364 2773 499 2823 nus
533 2774 742 2846 quam
769 2752 1118 2847 opinabar,
1163 2753 1460 2825 invenio.
1503 2752 1839 2827 Putabam
1873 2753 2088 2837 enim,
2127 2762 2198 2824 et
2229 2752 2522 2845 dignum

364 2886 550 2962 erat,
598 2879 812 2948 multa
854 2877 1142 2949 lectione
1182 2878 1531 2970 longaque
1569 2899 1801 2949 rerum
1835 2875 2267 2971 experientia
2301 2876 2525 2949 obdu-

363 2999 592 3072 ruisse
632 3002 980 3075 adversus
1023 3024 1266 3074 omnes
1316 3004 1493 3074 ictus
1543 3012 1613 3072 et
1662 2998 1949 3071 iniurias
2002 3001 2316 3071 fortunae.
2368 3000 2522 3070 Fal-

363 3123 558 3195 lebar
598 3125 856 3195 infelix.
899 3125 1081 3195 Nihil
1124 3145 1235 3194 me
1275 3124 1580 3207 mollius,
1625 3122 1791 3194 nihil
1846 3121 2270 3193 enervatius.
2313 3120 2523 3189 Puta-

365 3245 551 3328 bam,
592 3247 729 3318 imo
762 3246 1082 3337 equidem
1125 3257 1359 3317 certus
1400 3268 1621 3330 eram,
1659 3268 1772 3317 me
1809 3243 2254 3316 Franciscum
2293 3264 2522 3313 meum

370 3386 604 3436 amare
643 3367 1048 3448 tenerrime;
1092 3367 1222 3438 hoc
1261 3366 1447 3438 enim
1497 3366 1680 3438 illius
1721 3388 1890 3458 erga
1938 3388 2050 3435 me
2097 3365 2401 3437 charitas
2454 3375 2527 3437 et

370 3484 704 3579 obsequia
743 3486 1206 3558 merebantur.
1251 3488 1600 3572 Quantum
1645 3498 1875 3558 tamen
1916 3486 2330 3570 amaverim,
2383 3486 2523 3557 heu

374 3630 560 3693 sem,
589 3632 720 3681 nec
753 3609 951 3681 aliter
987 3632 1192 3703 quam
1230 3609 1621 3705 perdendo,
1650 3610 1969 3702 cognovi.
2008 3612 2310 3703 Ideoque
2341 3631 2527 3682 nunc

373 3732 872 3805 intractabilius
900 3734 1217 3805 ulcerosa
1245 3755 1444 3805 mens
1481 3734 1692 3819 dolet,
1728 3736 1885 3829 plus
1922 3756 1998 3806 se
2031 3754 2322 3806 cernens
2356 3731 2525 3805 ami-

376 3855 553 3928 sisse
595 3879 802 3963 quam
844 3857 1176 3928 crederet.
1221 3858 1371 3942 Qua
1418 3857 1486 3928 in
1528 3880 1603 3930 re
1642 3858 1807 3930 nihil
1845 3858 2012 3929 mihi
2049 3856 2274 3951 magis
2308 3856 2526 3929 obfuit

373 4001 582 4072 quam
669 3978 1270 4074 impraemeditatio
1342 3981 1538 4066 eius,
1618 3982 1806 4076 quod
1880 3981 2166 4055 evenire
2238 4001 2527 4053 necesse

374 4114 560 4174 erat:
607 4127 743 4177 non
784 4103 1246 4197 cogitaveram
1292 4107 1721 4179 moriturum.
1767 4108 1855 4179 Et
1904 4108 2207 4201 profecto
2258 4105 2315 4178 si
2368 4107 2525 4200 quis

377 4226 442 4297 in
486 4228 613 4300 hoc
667 4238 967 4299 torrente
1021 4251 1244 4299 rerum
1314 4229 1777 4304 humanarum
1843 4231 2014 4302 ordo
2079 4240 2296 4313 osset,
2368 4239 2527 4299 ante
