3104 4805
592 402 670 463 54
1255 413 1337 461 DE
1379 410 1581 462 REBUS
1623 409 2065 460 numillimus

590 562 799 646 enim,
837 562 924 633 de
955 558 1211 653 quibus
1236 558 1697 643 Quintilianus
1737 558 1916 630 inter
1941 557 2393 630 Institutiones
2418 564 2734 634 oratorias

587 683 1026 777 loquebatur3
1068 704 1245 776 quos
1288 683 1590 776 reperias
1629 683 1699 753 in
1738 682 2154 776 disputando
2195 684 2368 755 mire
2414 684 2728 769 callidos;

588 829 744 878 cum
771 807 859 878 ab
883 807 997 878 illa
1030 807 1462 879 cavillatione
1500 806 1970 891 discesserint,
2000 829 2137 879 non
2162 808 2385 900 magis
2414 809 2731 881 sufficere

587 931 658 1000 in
696 931 925 1023 aliquo
964 930 1285 1023 graviore
1325 942 1480 1002 actu
1522 952 1730 1023 quam
1773 951 1988 1022 parva
2022 931 2346 1023 quaedam
2380 932 2724 1017 animalia,

584 1075 763 1146 quae,
793 1054 863 1123 in
897 1054 1237 1147 angustiis
1279 1053 1585 1139 mobilia,
1624 1075 1866 1145 campo
1905 1052 2543 1146 deprehenduntur:
2583 1077 2728 1124 me-

586 1176 717 1247 rito
754 1176 983 1269 itaque
1023 1198 1338 1268 campum
1376 1177 1636 1246 timent.
1676 1176 1934 1246 Verum
1974 1183 2085 1245 est
2122 1175 2302 1244 enim
2343 1175 2511 1246 illud
2540 1176 2726 1246 eius-

586 1297 775 1382 dem,
818 1298 1224 1369 diverticula
1254 1306 1326 1369 et
1357 1300 1703 1369 anfractus
1741 1296 2066 1390 suffragia
2090 1317 2249 1366 esse
2275 1295 2720 1377 infirmitatis;

587 1432 666 1493 ut
701 1423 820 1515 qui
864 1444 1077 1493 cursu
1127 1444 1370 1515 parum
1419 1423 1682 1505 valent,
1736 1420 1924 1491 flexu
1973 1418 2272 1490 eludant.
2326 1417 2473 1487 Tibi
2524 1438 2718 1501 ver0,

587 1546 833 1629 amice,
870 1567 1083 1614 unum
1118 1545 1251 1616 hoc
1284 1543 1554 1615 dixisse
1593 1543 1822 1613 velim.
1866 1542 1936 1611 Si
1971 1542 2320 1626 virtutem,
2360 1540 2420 1610 si
2468 1540 2725 1612 verita-

589 1677 725 1737 tem
762 1667 1096 1761 sequeris,
1141 1666 1213 1738 id
1253 1688 1472 1758 genus
1505 1665 1862 1738 hominum
1893 1663 2057 1734 vita.
2102 1664 2241 1735 Sed
2277 1686 2575 1757 quonam
2620 1664 2725 1733 fu-

589 1790 859 1882 giemus
902 1812 943 1862 a
988 1789 1158 1862 facie
1204 1790 1627 1872 insanorum,
1683 1787 1743 1858 si
1791 1808 1880 1856 ne
1931 1785 2176 1856 insulae
2226 1786 2509 1879 quidem
2560 1795 2724 1856 tutae

589 1915 797 1983 sunt‘?
843 1912 1030 2005 Ergo
1079 1906 1223 1984 nec‘
1252 1912 1476 2007 Scylla
1522 1932 1649 1981 nec
1698 1908 2083 2005 Charybdis
2132 1908 2504 1995 obstiterit,
2556 1933 2729 2004 quo-

587 2035 815 2105 minus
857 2035 1012 2107 haec
1049 2036 1264 2128 pestis
1297 2035 1371 2104 in
1404 2033 1820 2106 Trinacriam
1860 2034 2364 2105 transnataret?
2391 2034 2533 2105 Imo
2559 2055 2727 2104 vero

587 2157 722 2229 iam
776 2159 1159 2229 insularum
1208 2158 1550 2247 peculiare
1606 2158 1861 2228 malum
1919 2165 2054 2241 est,
2109 2156 2171 2227 si
2218 2155 2727 2227 dialecticorum

585 2280 841 2374 agmini
907 2277 1296 2350 Britannico
1368 2277 1637 2349 AEtnaea
1698 2301 1883 2349 nunc
1944 2301 2282 2350 novorum
2357 2278 2726 2373 Cyclopum

587 2404 766 2476 acies
803 2399 1188 2474 accesserit.
1213 2399 1513 2472 Hoccine
1536 2400 1857 2495 estquod
1885 2399 1954 2471 in
1980 2400 2505 2495 cosmographia
2529 2401 2730 2473 Pom-

584 2522 767 2615 ponii
789 2525 1116 2613 legeram,
1146 2520 1395 2592 Siciliae
1419 2524 1723 2593 maxime
1748 2522 2039 2594 similem
2065 2543 2226 2595 esse
2261 2522 2730 2594 Britanniam?

584 2642 733 2731 Ego
777 2638 1060 2733 quidem
1107 2640 1434 2735 putabam
1486 2642 1997 2713 similitudinem
2048 2643 2227 2712 hanc
2272 2643 2343 2711 in
2392 2651 2727 2712 terrarum

588 2762 749 2846 situ,
785 2783 866 2833 ac
904 2765 1117 2857 prope
1159 2762 1558 2854 triangulari
1597 2763 1960 2854 utriusque
2006 2761 2259 2853 specie,
2315 2770 2387 2830 et
2432 2764 2729 2831 sortasse

587 2886 791 2958 etiam
830 2885 902 2955 in
941 2885 1341 2958 circumfusi
1379 2886 1594 2956 maris
1633 2894 1964 2977 perpetua
1999 2881 2348 2954 collisione
2392 2881 2727 2950 consiste-

587 3032 682 3110 re.
734 3009 916 3080 Nihil
970 3010 1058 3082 de
1114 3010 1484 3083 dialecticis
1524 3007 1934 3101 cogitabam.
1976 3004 2350 3078 Audieram
2392 3005 2724 3098 Cyclopas

586 3132 912 3226 primum,
978 3142 1219 3227 postea
1282 3142 1641 3230 tyrannOS,
1705 3139 2037 3223 utrosque
2097 3130 2355 3200 feroces
2418 3126 2677 3197 incolas
2708 3152 2722 3195 :

588 3254 861 3326 tertium
912 3257 1203 3327 monstri
1249 3278 1468 3349 genus
1523 3255 1894 3328 advenisse
1931 3277 2072 3327 non
2122 3275 2450 3325 noveram
2504 3272 2730 3323 arma-

589 3386 735 3476 tum
766 3378 1273 3475 enthymemate
1305 3377 1648 3465 bisacutO,
1676 3388 1747 3450 et
1769 3379 1918 3470 ipso
1946 3374 2477 3449 Taurominitani
2511 3374 2729 3446 litoris

588 3503 860 3580 fervore
890 3502 1267 3597 procacius.
1320 3502 1546 3573 Unum
1600 3523 1767 3572 sane
1812 3509 1883 3572 et
1929 3522 2060 3592 ego
2110 3498 2374 3592 pridem
2425 3495 2734 3567 animad-

589 3636 961 3720 verteram,
1001 3634 1074 3696 et
1107 3635 1181 3697 tu
1220 3647 1403 3698 nunc
1438 3624 1800 3710 admoneS,
1841 3646 1964 3697 eos
2015 3631 2272 3695 sectam
2321 3641 2519 3692 suam
2577 3615 2735 3687 Ari-

593 3750 878 3824 stotelici
914 3748 1207 3823 nominis
1249 3748 1612 3842 splendore
1647 3758 2025 3841 protegere.
2066 3745 2317 3816 Dicunt
2345 3742 2530 3814 enim
2579 3739 2735 3811 Ari-

593 3873 910 3942 stotelem
947 3872 1044 3944 ita
1083 3871 1358 3943 solitum
1398 3871 1773 3964 disputare.
1799 3870 1952 3954 Est,
1988 3871 2238 3954 fateor,
2281 3859 2730 3960 qualisqualis

592 3991 952 4068 excusatio
981 3995 1323 4066 clarorum
1360 3993 1619 4065 ducum
1658 3991 2024 4066 inhaesisse
2061 3989 2406 4082 vestigiis:
2455 4006 2613 4057 nam
2660 3993 2731 4053 et

594 4107 870 4181 Marcus
911 4112 1171 4187 Tullius
1203 4138 1342 4188 non
1364 4114 1658 4190 invitum
1686 4135 1762 4187 se
1783 4136 1942 4188 cum
1965 4115 2274 4197 Platone,
2305 4110 2370 4182 si
2388 4113 2723 4201 oporteat,

598 4238 984 4307 erraturum
1019 4235 1203 4309 dicit.
1244 4229 1383 4312 Se'd
1420 4239 1766 4312 falluntur.
1807 4235 2210 4314 Aristotcles
2242 4232 2426 4306 enim
2465 4231 2577 4305 vir
2618 4253 2730 4301 ar-
