3104 4805
901 386 1083 434 mann
1124 385 1450 434 summus.
1475 386 1884 434 —smsrom
1933 388 2057 434 xm.
2413 374 2524 434 301

374 530 852 602 consolatoriis
886 530 1197 623 epistolis
1231 527 1317 599 ad
1359 539 1423 598 tc
1456 528 1611 611 feci,
1653 536 1724 597 et
1756 549 2213 619 quaecumque
2251 550 2530 622 possem

380 651 608 722 studio
647 651 1087 743 conquirere,
1144 658 1306 720 nota
1360 659 1523 719 sunt
1576 647 1718 718 tibi.
1763 649 1912 719 Non
1953 646 2256 720 demisse
2304 673 2534 743 neque

380 772 802 843 muliebriter
874 794 1115 863 agam:
1167 793 1305 842 non
1370 773 1554 842 enim
1623 774 1734 844 vel
1803 770 2128 842 feminam
2194 773 2528 864 alloquor,

382 896 490 965 vel
532 915 822 986 puerum
866 896 977 965 vel
1019 917 1233 964 unum
1277 879 1576 986 aliquem
1621 917 1662 965 e
1703 892 1904 989 plebe
1958 893 2355 974 multivola3
2409 895 2537 965 sed

382 1016 607 1086 virum
674 1019 920 1087 fortem
969 1028 1040 1086 et
1088 1025 1338 1087 natura
1392 1039 1670 1112 semper
1719 1018 2119 1096 excelsum3
2187 1037 2397 1098 nunc,
2464 1023 2539 1084 ut

383 1159 616 1231 sper0,
662 1137 1016 1209 fortiorem
1059 1140 1288 1223 solito,
1331 1149 1402 1210 et
1442 1139 1615 1232 ipsis
1646 1137 2172 1210 calamitatibus,
2193 1136 2536 1221 altiorem,

385 1261 611 1331 virum
645 1260 911 1331 crebris
947 1262 1300 1353 signatum
1336 1264 1631 1334 fortunae
1671 1259 2111 1342 vulneribuS,
2150 1258 2539 1350 duratoque

385 1385 516 1454 iam
554 1385 829 1456 virtutis
863 1388 1061 1469 callO,
1102 1385 1327 1456 minas
1363 1385 1547 1454 illius
1584 1394 1653 1454 et
1687 1381 1926 1476 praelia
1958 1389 2537 1452 contemnentem.

381 1506 532 1575 Nou
574 1506 806 1598 itaque
846 1507 1293 1578 delinimenta
1328 1504 1817 1578 blanditiarum
1855 1501 2343 1595 asperitatibus
2386 1511 2538 1573 tan-

386 1627 471 1698 tis
507 1626 943 1712 interseram,
982 1652 1208 1722 neque
1244 1630 1555 1720 ingeram
1594 1649 1786 1722 spem
1825 1635 2184 1720 nepotum,
2213 1626 2540 1717 quamvis
2599 1633 2624 1662 ·

384 1759 455 1820 et
480 1748 615 1831 illa,
642 1751 788 1821 Deo
812 1771 1025 1821 casus
1053 1761 1331 1823 nostros
1362 1751 1760 1833 miserante,
1793 1772 1928 1821 non
1962 1748 2166 1820 desit.
2187 1749 2280 1816 Te
2310 1750 2535 1840 ipsum

388 1869 507 1940 tibi
547 1868 935 1942 ostendam.
990 1872 1252 1944 Orabo:
1293 1876 1520 1945 luctus
1579 1881 1733 1943 tuos
1791 1892 2181 1951 numerare,
2237 1869 2541 1941 iacturas

385 1991 737 2061 aestimare
778 1992 1045 2063 desine.
1100 1996 1177 2064 In
1224 2016 1308 2065 ea
1348 2017 1511 2087 quae
1554 2003 1820 2064 restant
1861 1992 2120 2064 lumina
2161 1994 2297 2062 iam
2355 2002 2542 2063 tersa

383 2123 726 2182 converte.
780 2113 1245 2208 Circumspice
1296 2115 1575 2186 familiae
1628 2125 1767 2186 tuae
1819 2124 2096 2186 statum.
2133 2115 2542 2186 Columnen-

387 2233 564 2302 sium
600 2233 853 2305 domus
889 2234 1091 2306 solito
1124 2237 1484 2328 panciores
1525 2236 1784 2308 habeat
1822 2240 2199 2319 columnaS‚
2244 2235 2412 2329 quid
2452 2238 2542 2308 ad

386 2375 550 2438 rem,
580 2355 784 2427 modo
810 2356 1337 2429 fundamentum
1365 2357 1612 2429 stabile
1638 2357 2076 2451 solidumque
2108 2362 2544 2451 permaneat?

390 2478 578 2549 Unus
620 2489 770 2549 erat
811 2477 1027 2551 Iulius
1069 2479 1331 2565 Caesa‘r,
1376 2482 1658 2553 fratrem
1701 2503 1835 2553 non
1882 2480 2127 2551 habuit
2162 2503 2288 2552 nec
2329 2479 2537 2563 filios,

383 2609 452 2669 et
488 2599 708 2694 patris
749 2595 999 2673 nomen
1040 2604 1383 2673 occultum
1425 2611 1555 2674 est.
1601 2604 1783 2688 Quid
1825 2616 2056 2673 tamen
2092 2623 2276 2674 unus
2318 2601 2544 2693 egerit

389 2731 640 2791 norunt
674 2743 937 2794 omnes.
977 2724 1330 2795 Persuade
1365 2725 1514 2810 tibi,
1552 2747 1799 2818 quaeso
1847 2722 2060 2818 (quod
2094 2723 2540 2795 verissimum

386 2842 551 2935 est),
595 2867 734 2936 quo
773 2849 931 2939 plus
977 2846 1208 2930 saevit,
1254 2869 1339 2917 eo
1380 2847 1610 2918 minus
1653 2847 2095 2918 metuendam
2130 2866 2294 2917 esse
2326 2849 2542 2918 sortu-

384 2987 563 3036 nam.
610 2967 811 3050 Quod
862 2967 1082 3060 potuit
1130 2968 1331 3041 fecit:
1386 2969 1581 3040 brevi
1636 2979 1944 3062 tempore
1995 2980 2065 3039 et
2115 2971 2367 3040 fratres
2421 2967 2538 3037 tibi

382 3095 452 3156 et
501 3099 791 3182 nepotes
858 3099 929 3160 et
992 3091 1421 3183 propinquos
1472 3091 1783 3173 abstulit,
1839 3090 2542 3179 florentissimamque

388 3209 780 3298 prosapiam
837 3210 1107 3299 redegit
1167 3212 1258 3282 ad
1324 3232 1603 3301 paucos.
1667 3214 1972 3283 Securus
2040 3229 2541 3299 generosaeque

387 3327 632 3414 plenus
673 3330 1127 3400 contumaciae
1166 3330 1346 3399 illam
1392 3331 1680 3401 intuere.
1718 3332 1979 3400 Praeter
2020 3328 2538 3417 magnanimum

387 3444 793 3533 genitorem,
841 3469 1053 3537 prope
1096 3449 1230 3518 iam
1266 3448 1435 3518 nihil
1475 3459 1588 3519 est
1630 3452 1694 3520 in
1737 3450 1922 3540 quod
1958 3449 2249 3520 arietare
2293 3452 2536 3541 possit.

393 3567 473 3635 Et
517 3566 608 3635 illi
654 3566 934 3658 quidem
995 3577 1068 3637 ut
1121 3567 1403 3639 humani
1461 3569 1630 3640 nihil
1681 3593 1984 3662 unquam
2032 3571 2536 3645 intolerandum

385 3687 537 3771 fuit,
584 3687 685 3757 sic
727 3685 893 3755 nihil
937 3686 1263 3780 deinceps
1307 3688 1877 3783 intempestivum
1913 3693 2195 3764 accidet.
2232 3695 2538 3766 Mortalis

386 3806 523 3875 aevi
563 3816 788 3877 metas
828 3807 1035 3897 longe
1069 3818 1226 3901 post
1267 3819 1538 3901 tergum
1576 3810 1790 3903 liquit.
1827 3814 2046 3896 Quem
2081 3835 2254 3885 vero
2295 3837 2534 3888 senum

388 3928 557 3996 mihi
594 3926 820 4010 dabis,
871 3928 989 4020 qui
1038 3938 1135 4001 tot
1183 3931 1347 4002 vitae
1388 3953 1608 4003 annos
1650 3946 1992 4018 numeret,
2035 3946 2205 4029 quot
2255 3938 2365 4010 hic
2416 3962 2538 4011 no-

389 4057 528 4120 ster
584 4050 923 4123 felicitatis
980 4061 1050 4123 et
1108 4055 1349 4145 gloriae
1415 4060 1779 4128 numerat?
1844 4058 2167 4130 Omnium
2232 4064 2537 4155 profecto

388 4174 1008 4261 fortunatissimus,
1054 4201 1228 4271 quos
1273 4191 1507 4252 nostra
1546 4190 1720 4255 aetas
1764 4182 2029 4267 habuit,
2078 4185 2132 4255 si
2186 4187 2538 4280 aliquanto
