3104 4805
913 375 1096 423 Lim-:n
1141 374 1445 424 oc'rAvus.
1473 377 1874 425 -Ems‘roLA
1920 381 2020 425 vu.
2436 369 2547 428 441

407 538 658 588 causas
701 517 1243 610 principiumque
1280 515 1570 586 nescire.
1606 516 1778 584 Nam
1817 538 1941 586 nec
1981 519 2382 606 ignorantia,
2430 542 2559 593 nec

407 640 563 730 ipsa
599 639 874 731 quidem
920 639 1134 731 pestis
1177 637 1484 708 odiosior
1536 636 1740 727 nugis
1794 658 1876 707 ac
1926 637 2176 708 fabulis
2227 664 2559 732 quorum-

404 759 564 831 dam
599 760 985 843 hominum,
1017 759 1137 850 qui
1170 759 1466 851 professi
1504 758 1734 828 omnia
1772 757 1999 838 sciunt
2032 759 2230 842 nihil,
2263 784 2555 851 quorum

406 893 634 953 tamen
661 905 809 965 ora,
840 881 999 952 licet
1029 884 1424 953 assuefacta
1459 879 1872 962 mendaciis,
1911 879 2189 949 tandem
2227 880 2453 964 silent,
2489 896 2560 954 et

404 1024 565 1093 quae
616 1004 1041 1096 impudentia
1089 1003 1387 1098 primum
1439 1024 1533 1072 ex
1584 1023 1777 1072 more
1827 1003 2217 1084 laxaverat,
2262 1000 2352 1070 ad
2406 1002 2560 1070 ulti-

406 1146 593 1194 mum
629 1125 878 1196 clausit
913 1135 1171 1218 stupor.
1212 1125 1349 1196 Sed
1383 1124 1471 1196 ad
1506 1124 2018 1215 inquisitionem
2056 1144 2282 1193 meam
2326 1122 2557 1193 redeo,

404 1245 514 1314 An
559 1267 725 1316 vero
767 1246 947 1317 Sicut
983 1249 1262 1337 longum
1299 1246 1428 1316 iter
1462 1245 1834 1336 agentibus
1869 1246 2104 1317 evenit
2145 1255 2221 1315 ut
2252 1244 2385 1313 alia
2423 1246 2559 1317 viae

403 1389 567 1458 pars
615 1367 1085 1457 fatigationem
1127 1368 1354 1453 faciat,
1408 1368 1541 1439 alia
1592 1367 1925 1452 fateatur3
1981 1368 2080 1437 sic
2131 1366 2331 1437 nobis
2382 1367 2560 1438 acci-

404 1488 508 1559 dit
546 1497 623 1557 ut
665 1488 906 1559 lenitas
952 1500 1094 1572 tua,
1133 1492 1344 1573 DeuS,
1393 1489 1713 1559 humanis
1761 1490 2086 1580 paulatim
2128 1491 2386 1560 lassata
2427 1490 2560 1560 cri-

405 1610 740 1694 minibuS,
784 1622 854 1682 et
893 1612 1033 1702 iugi
1076 1611 1476 1682 accessione
1527 1622 1991 1705 praegravata,
2045 1633 2230 1682 nunc
2278 1612 2559 1704 potissi-

410 1753 594 1802 mum
672 1732 853 1804 victa
939 1733 1368 1816 subsederit,
1449 1745 1661 1825 tuque
1733 1756 1892 1817 nOS,
1961 1743 2202 1804 vector
2266 1734 2551 1825 optime,

407 1856 697 1925 tolerare
741 1856 1036 1950 amplius
1081 1877 1215 1925 non
1256 1857 1518 1939 valens,
1567 1857 1634 1925 in
1681 1865 1874 1945 terga
1912 1854 2309 1948 proieceriS,
2349 1864 2557 1946 atque

403 1999 444 2046 a
479 1977 680 2048 nobis
716 1976 1210 2052 misericordiae
1246 1987 1386 2048 tuae
1418 1980 1656 2050 oculos
1691 1976 1909 2048 iratus
1944 1976 2332 2047 averteris?
2356 1975 2559 2058 Quod

405 2099 463 2169 si
497 2110 634 2183 est,
665 2120 804 2170 non
837 2112 1232 2172 nostrorum
1268 2101 1505 2184 modo,
1546 2099 1672 2170 sed
1705 2108 2149 2193 paternorum
2187 2098 2393 2168 simul
2426 2098 2558 2167 cri-

404 2220 664 2291 minum
706 2243 950 2314 poenas
990 2220 1265 2306 damuS‚
1306 2244 1397 2293 an
1429 2222 1703 2314 peiores
1738 2220 1871 2291 illis
1904 2219 2171 2303 nesci0,
2212 2219 2338 2289 sed
2372 2228 2559 2288 certe

403 2342 824 2416 miseriores.
868 2344 977 2414 An
1017 2345 1186 2418 illud
1229 2347 1526 2416 sortasse
1569 2343 1807 2414 verius
1848 2342 2038 2435 quod
2078 2362 2333 2434 magna
2365 2361 2559 2433 quae-

407 2465 568 2535 dam
613 2466 887 2556 ingenia
931 2468 1284 2561 suspicata
1327 2478 1516 2551 sunt,
1561 2469 1778 2536 Deum
1824 2466 2135 2536 mortalia
2175 2487 2311 2536 non
2357 2487 2559 2535 cura-

401 2590 528 2656 re?
569 2587 705 2657 Sed
746 2586 926 2658 absit
967 2609 1007 2657 a
1052 2587 1401 2659 mentibus
1443 2588 1703 2659 nostris
1744 2588 1897 2659 haec
1939 2587 2260 2659 amentia.
2306 2587 2375 2656 Si
2418 2607 2558 2657 non

400 2719 694 2791 curaret,
729 2708 838 2779 illa
872 2732 1010 2781 non
1040 2709 1521 2781 subsisterent.
1559 2711 1730 2780 Nam
1762 2710 1849 2781 de
1885 2709 1996 2781 his
2029 2709 2149 2802 qui
2186 2709 2403 2781 nostri
2437 2731 2558 2779 cu-

400 2851 579 2915 ram,
618 2854 756 2903 non
790 2832 932 2902 Deo
987 2831 1316 2916 tribuunt,
1367 2833 1490 2905 sed
1542 2842 1840 2916 naturae,
1895 2831 2065 2923 quid
2119 2830 2556 2902 sentiendum

401 2952 599 3023 nobis
644 2953 761 3038 sit,
807 2954 1122 3026 veritatis
1167 2964 1310 3026 tuae
1352 2955 1585 3026 studio
1618 2954 1922 3025 deditis?
1961 2975 2116 3024 cum
2156 2956 2418 3025 Seneca
2454 2952 2558 3022 in·

398 3074 835 3162 gratissimos
862 3076 1170 3146 omnium
1199 3078 1515 3168 appellet,
1548 3075 1693 3166 qui,
1726 3082 1991 3144 mutato
2024 3075 2318 3155 nomine,
2349 3072 2559 3142 dissi-

402 3198 668 3265 mulent
708 3195 832 3264 Dei
878 3216 1198 3273 munera,
1242 3206 1314 3262 et
1360 3195 1751 3269 cavillando
1787 3196 2020 3286 impie,
2062 3212 2385 3284 supernae
2435 3191 2558 3261 de-

400 3310 616 3380 bitum
645 3313 986 3401 abnegent
1012 3312 1446 3380 maiestatis?
1473 3315 1693 3382 Curas
1721 3315 2025 3405 profecto
2049 3333 2178 3383 nos
2204 3324 2274 3383 et
2298 3322 2551 3399 nostra,

402 3432 612 3500 Deus,
659 3431 798 3500 Sed
839 3430 1099 3521 aliquid
1142 3430 1471 3501 latitantis
1506 3442 1576 3501 et
1618 3432 1871 3521 ignotae
1906 3431 2104 3502 nobis
2140 3455 2375 3504 causae
2413 3445 2550 3518 est,

401 3574 527 3621 cur
574 3574 668 3621 ex
734 3551 1057 3622 omnibus
1126 3554 1401 3624 saeoulis
1467 3552 1860 3645 dignissimi
1923 3555 2059 3625 visi
2128 3577 2372 3627 sumus
2437 3559 2555 3649 qui

402 3672 736 3742 acerrime
763 3673 1249 3767 plecteremur,
1288 3695 1426 3744 non
1462 3673 1717 3745 idcirco
1750 3674 2012 3746 minore
2048 3675 2329 3759 iustitia,
2369 3677 2556 3768 quod

402 3796 668 3864 occulta
734 3803 863 3865 est.
916 3796 1228 3889 Namque
1280 3796 1688 3869 iudiciorum
1744 3806 2012 3867 tuorum
2068 3798 2556 3891 imperscruta-

404 3913 590 3998 bilis,
632 3926 704 3986 et
753 3918 1076 3989 humanis
1128 3919 1455 3990 sensibus
1515 3920 1870 3991 inaccessa
1923 3920 2374 4012 profunditas.
2427 3923 2552 3992 Vei

402 4056 572 4125 ergo
613 4038 895 4129 pessimi
936 4040 1241 4109 omnium
1286 4063 1450 4112 vere
1496 4064 1768 4124 sumus,
1814 4044 2002 4134 quod
2043 4066 2301 4134 negare
2345 4046 2548 4114 velim

405 4158 631 4248 potius
688 4183 897 4251 quam
964 4162 1214 4246 ausim,
1272 4164 1380 4232 vcl
1433 4164 1521 4235 ad
1573 4164 1802 4236 sutura
1855 4165 2034 4236 bona
2086 4168 2551 4259 praesentibus
