<?xml version="1.0" encoding="UTF-8"?>
<!DOCTYPE html PUBLIC "-//W3C//DTD XHTML 1.0 Transitional//EN"
    "http://www.w3.org/TR/xhtml1/DTD/xhtml1-transitional.dtd">
<html xmlns="http://www.w3.org/1999/xhtml" xml:lang="en" lang="en">
 <head>
  <title>
</title>
<meta http-equiv="Content-Type" content="text/html;charset=utf-8" />
  <meta name='ocr-system' content='tesseract 3.04.00' />
  <meta name='ocr-capabilities' content='ocr_page ocr_carea ocr_par ocr_line ocrx_word'/>
</head>
<body>
  <div class='ocr_page' id='page_1' title='image "./epistolaederebu00unkngoog_0433.png"; bbox 0 0 3104 4805; ppageno 0'>
   <div class='ocr_carea' id='block_1_1' title="bbox 968 350 2582 414">
    <p class='ocr_par' dir='ltr' id='par_1_1' title="bbox 968 350 2582 414">
     <span class='ocr_line' id='line_1_1' title="bbox 968 350 2582 414; baseline 0.008 -14"><span class='ocrx_word' id='word_1_1' title='bbox 968 352 1151 403; x_wconf 74' lang='lat' dir='ltr'><strong>Linssn</strong></span> <span class='ocrx_word' id='word_1_2' title='bbox 1195 355 1908 413; x_wconf 58' lang='lat' dir='ltr'><strong>omarus—ammom</strong></span> <span class='ocrx_word' id='word_1_3' title='bbox 1952 362 2031 409; x_wconf 79' lang='lat' dir='ltr'><strong>iv.</strong></span> <span class='ocrx_word' id='word_1_4' title='bbox 2463 350 2582 414; x_wconf 74' lang='lat'><strong>265</strong></span> 
     </span>
    </p>
   </div>
   <div class='ocr_carea' id='block_1_2' title="bbox 426 498 2583 939">
    <p class='ocr_par' dir='ltr' id='par_1_2' title="bbox 426 498 2583 939">
     <span class='ocr_line' id='line_1_2' title="bbox 428 498 2582 598; baseline 0.007 -32"><span class='ocrx_word' id='word_1_5' title='bbox 428 508 634 568; x_wconf 89' lang='lat' dir='ltr'><strong>vetus</strong></span> <span class='ocrx_word' id='word_1_6' title='bbox 674 517 810 567; x_wconf 90' lang='lat' dir='ltr'><strong>non</strong></span> <span class='ocrx_word' id='word_1_7' title='bbox 851 499 1092 591; x_wconf 87' lang='lat' dir='ltr'><strong>procul</strong></span> <span class='ocrx_word' id='word_1_8' title='bbox 1132 498 1317 583; x_wconf 87' lang='lat' dir='ltr'><strong>hinc,</strong></span> <span class='ocrx_word' id='word_1_9' title='bbox 1354 500 1671 570; x_wconf 87' lang='lat' dir='ltr'><strong>Priverni</strong></span> <span class='ocrx_word' id='word_1_10' title='bbox 1708 500 1988 587; x_wconf 90' lang='lat' dir='ltr'><strong>scilicet,</strong></span> <span class='ocrx_word' id='word_1_11' title='bbox 2019 514 2324 598; x_wconf 86' lang='lat' dir='ltr'><strong>tempore</strong></span> <span class='ocrx_word' id='word_1_12' title='bbox 2351 507 2582 580; x_wconf 83' lang='lat' dir='ltr'><strong>Iliacae</strong></span> 
     </span>
     <span class='ocr_line' id='line_1_3' title="bbox 429 619 2583 723; baseline 0.005 -35"><span class='ocrx_word' id='word_1_13' title='bbox 429 619 674 702; x_wconf 86' lang='lat' dir='ltr'><strong>ruinae,</strong></span> <span class='ocrx_word' id='word_1_14' title='bbox 721 619 871 690; x_wconf 86' lang='lat' dir='ltr'><strong>haec</strong></span> <span class='ocrx_word' id='word_1_15' title='bbox 905 620 1244 693; x_wconf 81' lang='lat' dir='ltr'>recentior</span> <span class='ocrx_word' id='word_1_16' title='bbox 1277 621 1561 694; x_wconf 87' lang='lat' dir='ltr'><strong>Camilla</strong></span> <span class='ocrx_word' id='word_1_17' title='bbox 1598 623 1933 709; x_wconf 84' lang='lat' dir='ltr'>Puteolis,</span> <span class='ocrx_word' id='word_1_18' title='bbox 1972 627 2226 699; x_wconf 88' lang='lat' dir='ltr'><strong>nostris</strong></span> <span class='ocrx_word' id='word_1_19' title='bbox 2256 630 2583 723; x_wconf 88' lang='lat' dir='ltr'><strong>tempori-</strong></span> 
     </span>
     <span class='ocr_line' id='line_1_4' title="bbox 426 739 2579 835; baseline 0.007 -25"><span class='ocrx_word' id='word_1_20' title='bbox 426 739 587 828; x_wconf 88' lang='lat' dir='ltr'>bus,</span> <span class='ocrx_word' id='word_1_21' title='bbox 617 753 768 813; x_wconf 84' lang='lat' dir='ltr'><strong>orta</strong></span> <span class='ocrx_word' id='word_1_22' title='bbox 794 752 932 828; x_wconf 91' lang='lat' dir='ltr'><strong>est,</strong></span> <span class='ocrx_word' id='word_1_23' title='bbox 978 766 1184 835; x_wconf 90' lang='lat' dir='ltr'><strong>quam</strong></span> <span class='ocrx_word' id='word_1_24' title='bbox 1224 743 1346 815; x_wconf 90' lang='lat' dir='ltr'><strong>tibi</strong></span> <span class='ocrx_word' id='word_1_25' title='bbox 1383 744 1653 818; x_wconf 85' lang='lat' dir='ltr'><strong>interim</strong></span> <span class='ocrx_word' id='word_1_26' title='bbox 1695 746 2014 819; x_wconf 87' lang='lat' dir='ltr'><strong>litterulis</strong></span> <span class='ocrx_word' id='word_1_27' title='bbox 2051 749 2224 821; x_wconf 92' lang='lat' dir='ltr'><strong>meis</strong></span> <span class='ocrx_word' id='word_1_28' title='bbox 2262 761 2579 824; x_wconf 79' lang='lat' dir='ltr'><strong>testatam</strong></span> 
     </span>
     <span class='ocr_line' id='line_1_5' title="bbox 427 866 1070 939; baseline 0.005 -5"><span class='ocrx_word' id='word_1_29' title='bbox 427 885 586 937; x_wconf 90' lang='lat' dir='ltr'><strong>esse</strong></span> <span class='ocrx_word' id='word_1_30' title='bbox 629 866 837 937; x_wconf 90' lang='lat' dir='ltr'><strong>volui.</strong></span> <span class='ocrx_word' id='word_1_31' title='bbox 881 868 1070 939; x_wconf 86' lang='lat' dir='ltr'><strong>Vale.</strong></span> 
     </span>
    </p>
   </div>
   <div class='ocr_carea' id='block_1_3' title="bbox 708 1014 1509 1084">
    <p class='ocr_par' dir='ltr' id='par_1_3' title="bbox 708 1014 1509 1084">
     <span class='ocr_line' id='line_1_6' title="bbox 708 1014 1509 1084; baseline 0.005 -16"><span class='ocrx_word' id='word_1_32' title='bbox 708 1014 881 1084; x_wconf 85' lang='lat' dir='ltr'><strong>Baiis,</strong></span> <span class='ocrx_word' id='word_1_33' title='bbox 913 1015 986 1069; x_wconf 86' lang='lat' dir='ltr'><strong>IX</strong></span> <span class='ocrx_word' id='word_1_34' title='bbox 1018 1015 1139 1069; x_wconf 88' lang='lat' dir='ltr'><strong>Kal.</strong></span> <span class='ocrx_word' id='word_1_35' title='bbox 1174 1014 1509 1072; x_wconf 82' lang='lat' dir='ltr'><strong>Decembris,</strong></span> 
     </span>
    </p>
   </div>
   <div class='ocr_carea' id='block_1_4' title="bbox 1431 1203 1585 1212">
    <p class='ocr_par' dir='ltr' id='par_1_4' title="bbox 1431 1203 1585 1212">
     <span class='ocr_line' id='line_1_7' title="bbox 1431 1203 1585 1212; baseline 0.006 -1"><span class='ocrx_word' id='word_1_36' title='bbox 1431 1203 1585 1212; x_wconf 72' lang='lat'>——.-</span> 
     </span>
    </p>
   </div>
   <div class='ocr_carea' id='block_1_5' title="bbox 1270 1377 1748 1473">
    <p class='ocr_par' dir='ltr' id='par_1_5' title="bbox 1270 1377 1748 1473">
     <span class='ocr_line' id='line_1_8' title="bbox 1270 1377 1748 1473; baseline 0.002 -1"><span class='ocrx_word' id='word_1_37' title='bbox 1270 1377 1632 1473; x_wconf 73' lang='lat' dir='ltr'>EPISTOLA</span> <span class='ocrx_word' id='word_1_38' title='bbox 1682 1407 1748 1473; x_wconf 84' lang='lat' dir='ltr'><strong>v.</strong></span> 
     </span>
    </p>
   </div>
   <div class='ocr_carea' id='block_1_6' title="bbox 473 1602 2537 1659">
    <p class='ocr_par' dir='ltr' id='par_1_6' title="bbox 473 1602 2537 1659">
     <span class='ocr_line' id='line_1_9' title="bbox 473 1602 2537 1659; baseline 0.003 -9"><span class='ocrx_word' id='word_1_39' title='bbox 473 1602 859 1652; x_wconf 80' lang='lat' dir='ltr'>FRANCISCUS</span> <span class='ocrx_word' id='word_1_40' title='bbox 897 1603 1232 1652; x_wconf 75' lang='lat' dir='ltr'>PETRARCA</span> <span class='ocrx_word' id='word_1_41' title='bbox 1267 1603 1532 1653; x_wconf 76' lang='lat' dir='ltr'>IOHANNI</span> <span class='ocrx_word' id='word_1_42' title='bbox 1571 1603 1885 1652; x_wconf 80' lang='lat' dir='ltr'>COLUMNAE</span> <span class='ocrx_word' id='word_1_43' title='bbox 1923 1606 2264 1657; x_wconf 78' lang='lat' dir='ltr'>CARDINALI</span> <span class='ocrx_word' id='word_1_44' title='bbox 2297 1609 2349 1658; x_wconf 88' lang='lat' dir='ltr'><strong>S.</strong></span> <span class='ocrx_word' id='word_1_45' title='bbox 2387 1611 2440 1658; x_wconf 78' lang='lat' dir='ltr'><strong>P.</strong></span> <span class='ocrx_word' id='word_1_46' title='bbox 2479 1609 2537 1659; x_wconf 84' lang='lat' dir='ltr'><strong>D.</strong></span> 
     </span>
    </p>
   </div>
   <div class='ocr_carea' id='block_1_7' title="bbox 644 1761 2350 1837">
    <p class='ocr_par' dir='ltr' id='par_1_7' title="bbox 644 1761 2350 1837">
     <span class='ocr_line' id='line_1_10' title="bbox 644 1761 2350 1837; baseline 0.002 -20"><span class='ocrx_word' id='word_1_47' title='bbox 644 1761 989 1820; x_wconf 85' lang='lat' dir='ltr'><strong>Horrendam</strong></span> <span class='ocrx_word' id='word_1_48' title='bbox 1020 1770 1404 1837; x_wconf 80' lang='lat' dir='ltr'><strong>tempestatem</strong></span> <span class='ocrx_word' id='word_1_49' title='bbox 1432 1764 1490 1818; x_wconf 89' lang='lat' dir='ltr'><strong>in</strong></span> <span class='ocrx_word' id='word_1_50' title='bbox 1518 1763 1660 1818; x_wconf 84' lang='lat' dir='ltr'><strong>freto</strong></span> <span class='ocrx_word' id='word_1_51' title='bbox 1689 1762 2046 1835; x_wconf 86' lang='lat' dir='ltr'><strong>Neapolitano</strong></span> <span class='ocrx_word' id='word_1_52' title='bbox 2076 1763 2350 1820; x_wconf 88' lang='lat' dir='ltr'><strong>describit.</strong></span> 
     </span>
    </p>
   </div>
   <div class='ocr_carea' id='block_1_8' title="bbox 410 1980 2583 4297">
    <p class='ocr_par' dir='ltr' id='par_1_8' title="bbox 410 1980 2583 4297">
     <span class='ocr_line' id='line_1_11' title="bbox 623 1980 2583 2077; baseline 0.002 -26"><span class='ocrx_word' id='word_1_53' title='bbox 623 1983 973 2073; x_wconf 81' lang='lat' dir='ltr'><strong>Insignem</strong></span> <span class='ocrx_word' id='word_1_54' title='bbox 1045 1991 1524 2075; x_wconf 84' lang='lat' dir='ltr'><strong>tempestatem</strong></span> <span class='ocrx_word' id='word_1_55' title='bbox 1598 1980 2006 2053; x_wconf 88' lang='lat' dir='ltr'><strong>describens</strong></span> <span class='ocrx_word' id='word_1_56' title='bbox 2074 1981 2433 2077; x_wconf 56' lang='lat' dir='ltr'><strong>satyricus</strong></span> <span class='ocrx_word' id='word_1_57' title='bbox 2506 1994 2583 2054; x_wconf 89' lang='lat' dir='ltr'><strong>ut</strong></span> 
     </span>
     <span class='ocr_line' id='line_1_12' title="bbox 423 2104 2582 2199; baseline 0.001 -24"><span class='ocrx_word' id='word_1_58' title='bbox 423 2105 635 2176; x_wconf 90' lang='lat' dir='ltr'><strong>multa</strong></span> <span class='ocrx_word' id='word_1_59' title='bbox 677 2104 918 2199; x_wconf 81' lang='lat' dir='ltr'><strong>paucis</strong></span> <span class='ocrx_word' id='word_1_60' title='bbox 970 2104 1354 2188; x_wconf 86' lang='lat' dir='ltr'><strong>clauderet,</strong></span> <span class='ocrx_word' id='word_1_61' title='bbox 1424 2104 1761 2197; x_wconf 89' lang='lat' dir='ltr'><strong>poeticam</strong></span> <span class='ocrx_word' id='word_1_62' title='bbox 1817 2112 2295 2197; x_wconf 80' lang='lat' dir='ltr'><strong>tempestatem</strong></span> <span class='ocrx_word' id='word_1_63' title='bbox 2349 2128 2582 2177; x_wconf 87' lang='lat' dir='ltr'><strong>surre—</strong></span> 
     </span>
     <span class='ocr_line' id='line_1_13' title="bbox 422 2225 2579 2320; baseline 0 -24"><span class='ocrx_word' id='word_1_64' title='bbox 422 2227 617 2297; x_wconf 84' lang='lat' dir='ltr'><strong>xisse</strong></span> <span class='ocrx_word' id='word_1_65' title='bbox 684 2227 797 2296; x_wconf 91' lang='lat' dir='ltr'><strong>ait.</strong></span> <span class='ocrx_word' id='word_1_66' title='bbox 870 2227 1051 2312; x_wconf 90' lang='lat' dir='ltr'><strong>Quid</strong></span> <span class='ocrx_word' id='word_1_67' title='bbox 1111 2227 1293 2297; x_wconf 91' lang='lat' dir='ltr'><strong>enim</strong></span> <span class='ocrx_word' id='word_1_68' title='bbox 1339 2226 1652 2311; x_wconf 81' lang='lat' dir='ltr'><strong>breviuS‚</strong></span> <span class='ocrx_word' id='word_1_69' title='bbox 1697 2225 1865 2319; x_wconf 88' lang='lat' dir='ltr'><strong>quid</strong></span> <span class='ocrx_word' id='word_1_70' title='bbox 1903 2227 2361 2320; x_wconf 73' lang='lat' dir='ltr'><strong>expressius?</strong></span> <span class='ocrx_word' id='word_1_71' title='bbox 2399 2228 2579 2298; x_wconf 92' lang='lat' dir='ltr'><strong>Nihil</strong></span> 
     </span>
     <span class='ocr_line' id='line_1_14' title="bbox 421 2350 2581 2445; baseline 0 -24"><span class='ocrx_word' id='word_1_72' title='bbox 421 2350 671 2422; x_wconf 90' lang='lat' dir='ltr'><strong>iratum</strong></span> <span class='ocrx_word' id='word_1_73' title='bbox 708 2351 961 2424; x_wconf 87' lang='lat' dir='ltr'><strong>coelum</strong></span> <span class='ocrx_word' id='word_1_74' title='bbox 1027 2361 1147 2422; x_wconf 91' lang='lat' dir='ltr'><strong>aut</strong></span> <span class='ocrx_word' id='word_1_75' title='bbox 1209 2353 1498 2445; x_wconf 78' lang='lat' dir='ltr'><strong>pelagus</strong></span> <span class='ocrx_word' id='word_1_76' title='bbox 1565 2360 1818 2444; x_wconf 86' lang='lat' dir='ltr'><strong>potest,</strong></span> <span class='ocrx_word' id='word_1_77' title='bbox 1891 2351 2079 2444; x_wconf 93' lang='lat' dir='ltr'><strong>quod</strong></span> <span class='ocrx_word' id='word_1_78' title='bbox 2144 2371 2284 2422; x_wconf 92' lang='lat' dir='ltr'><strong>non</strong></span> <span class='ocrx_word' id='word_1_79' title='bbox 2348 2360 2581 2445; x_wconf 83' lang='lat' dir='ltr'><strong>aequet</strong></span> 
     </span>
     <span class='ocr_line' id='line_1_15' title="bbox 420 2474 2577 2570; baseline 0.002 -27"><span class='ocrx_word' id='word_1_80' title='bbox 420 2474 777 2546; x_wconf 74' lang='lat' dir='ltr'><strong>verbis&#39;ac</strong></span> <span class='ocrx_word' id='word_1_81' title='bbox 821 2484 1102 2567; x_wconf 88' lang='lat' dir='ltr'><strong>superet</strong></span> <span class='ocrx_word' id='word_1_82' title='bbox 1140 2485 1500 2570; x_wconf 89' lang='lat' dir='ltr'><strong>poetarum</strong></span> <span class='ocrx_word' id='word_1_83' title='bbox 1543 2474 1774 2547; x_wconf 89' lang='lat' dir='ltr'><strong>stilus:</strong></span> <span class='ocrx_word' id='word_1_84' title='bbox 1817 2485 1888 2547; x_wconf 92' lang='lat' dir='ltr'><strong>et</strong></span> <span class='ocrx_word' id='word_1_85' title='bbox 1942 2474 2054 2569; x_wconf 87' lang='lat' dir='ltr'><strong>(ne</strong></span> <span class='ocrx_word' id='word_1_86' title='bbox 2096 2475 2455 2548; x_wconf 84' lang='lat' dir='ltr'><strong>manifesta</strong></span> <span class='ocrx_word' id='word_1_87' title='bbox 2509 2476 2577 2548; x_wconf 90' lang='lat' dir='ltr'><strong>in</strong></span> 
     </span>
     <span class='ocr_line' id='line_1_16' title="bbox 422 2598 2579 2693; baseline 0.001 -25"><span class='ocrx_word' id='word_1_88' title='bbox 422 2620 496 2668; x_wconf 91' lang='lat' dir='ltr'><strong>re</strong></span> <span class='ocrx_word' id='word_1_89' title='bbox 541 2600 996 2693; x_wconf 87' lang='lat' dir='ltr'><strong>supervacuis</strong></span> <span class='ocrx_word' id='word_1_90' title='bbox 1039 2598 1216 2693; x_wconf 87' lang='lat' dir='ltr'><strong>utar)</strong></span> <span class='ocrx_word' id='word_1_91' title='bbox 1260 2598 1696 2671; x_wconf 88' lang='lat' dir='ltr'><strong>Homericam</strong></span> <span class='ocrx_word' id='word_1_92' title='bbox 1741 2607 2221 2691; x_wconf 85' lang='lat' dir='ltr'><strong>tempestatem</strong></span> <span class='ocrx_word' id='word_1_93' title='bbox 2266 2598 2464 2683; x_wconf 90' lang='lat' dir='ltr'><strong>nosti,</strong></span> <span class='ocrx_word' id='word_1_94' title='bbox 2507 2609 2579 2670; x_wconf 91' lang='lat' dir='ltr'><strong>et</strong></span> 
     </span>
     <span class='ocr_line' id='line_1_17' title="bbox 421 2719 2575 2816; baseline -0 -22"><span class='ocrx_word' id='word_1_95' title='bbox 421 2722 692 2794; x_wconf 90' lang='lat' dir='ltr'><strong>allisum</strong></span> <span class='ocrx_word' id='word_1_96' title='bbox 736 2726 1019 2815; x_wconf 89' lang='lat' dir='ltr'><strong>scopulo</strong></span> <span class='ocrx_word' id='word_1_97' title='bbox 1059 2722 1333 2808; x_wconf 90' lang='lat' dir='ltr'><strong>ducem,</strong></span> <span class='ocrx_word' id='word_1_98' title='bbox 1380 2733 1588 2816; x_wconf 88' lang='lat' dir='ltr'><strong>atque</strong></span> <span class='ocrx_word' id='word_1_99' title='bbox 1629 2743 1907 2794; x_wconf 91' lang='lat' dir='ltr'><strong>omnem</strong></span> <span class='ocrx_word' id='word_1_100' title='bbox 1950 2719 2288 2814; x_wconf 87' lang='lat' dir='ltr'><strong>Capharei</strong></span> <span class='ocrx_word' id='word_1_101' title='bbox 2321 2721 2575 2793; x_wconf 89' lang='lat' dir='ltr'><strong>montis</strong></span> 
     </span>
     <span class='ocr_line' id='line_1_18' title="bbox 418 2844 2575 2939; baseline 0.001 -26"><span class='ocrx_word' id='word_1_102' title='bbox 418 2845 750 2917; x_wconf 89' lang='lat' dir='ltr'><strong>insultum</strong></span> <span class='ocrx_word' id='word_1_103' title='bbox 767 2893 783 2930; x_wconf 86' lang='lat'><strong>,·</strong></span> <span class='ocrx_word' id='word_1_104' title='bbox 827 2864 1034 2937; x_wconf 90' lang='lat' dir='ltr'><strong>quem</strong></span> <span class='ocrx_word' id='word_1_105' title='bbox 1077 2844 1321 2915; x_wconf 89' lang='lat' dir='ltr'><strong>imitati</strong></span> <span class='ocrx_word' id='word_1_106' title='bbox 1365 2844 1582 2916; x_wconf 82' lang='lat' dir='ltr'><strong>nostri</strong></span> <span class='ocrx_word' id='word_1_107' title='bbox 1623 2854 1881 2939; x_wconf 90' lang='lat' dir='ltr'><strong>poetae,</strong></span> <span class='ocrx_word' id='word_1_108' title='bbox 1921 2865 2259 2937; x_wconf 86' lang='lat' dir='ltr'><strong>aquarum</strong></span> <span class='ocrx_word' id='word_1_109' title='bbox 2304 2853 2575 2917; x_wconf 90' lang='lat' dir='ltr'><strong>montes</strong></span> 
     </span>
     <span class='ocr_line' id='line_1_19' title="bbox 416 2967 2576 3062; baseline -0.001 -22"><span class='ocrx_word' id='word_1_110' title='bbox 416 2969 505 3042; x_wconf 92' lang='lat' dir='ltr'><strong>ad</strong></span> <span class='ocrx_word' id='word_1_111' title='bbox 548 2969 775 3041; x_wconf 88' lang='lat' dir='ltr'><strong>sidera</strong></span> <span class='ocrx_word' id='word_1_112' title='bbox 820 2973 1268 3041; x_wconf 88' lang='lat' dir='ltr'><strong>sustulerunt.</strong></span> <span class='ocrx_word' id='word_1_113' title='bbox 1314 2968 1496 3039; x_wconf 88' lang='lat' dir='ltr'><strong>Nihil</strong></span> <span class='ocrx_word' id='word_1_114' title='bbox 1540 2989 1710 3038; x_wconf 89' lang='lat' dir='ltr'><strong>sane</strong></span> <span class='ocrx_word' id='word_1_115' title='bbox 1751 2969 1863 3038; x_wconf 90' lang='lat' dir='ltr'><strong>vel</strong></span> <span class='ocrx_word' id='word_1_116' title='bbox 1905 2967 2096 3062; x_wconf 83' lang='lat' dir='ltr'><strong>pingi</strong></span> <span class='ocrx_word' id='word_1_117' title='bbox 2129 2967 2422 3061; x_wconf 90' lang='lat' dir='ltr'><strong>eloqui0,</strong></span> <span class='ocrx_word' id='word_1_118' title='bbox 2461 2971 2576 3040; x_wconf 91' lang='lat' dir='ltr'><strong>vel</strong></span> 
     </span>
     <span class='ocr_line' id='line_1_20' title="bbox 417 3089 2569 3186; baseline 0 -24"><span class='ocrx_word' id='word_1_119' title='bbox 417 3091 645 3165; x_wconf 91' lang='lat' dir='ltr'><strong>animo</strong></span> <span class='ocrx_word' id='word_1_120' title='bbox 681 3091 847 3183; x_wconf 80' lang='lat' dir='ltr'><strong>fingi</strong></span> <span class='ocrx_word' id='word_1_121' title='bbox 884 3101 1132 3186; x_wconf 87' lang='lat' dir='ltr'><strong>potest,</strong></span> <span class='ocrx_word' id='word_1_122' title='bbox 1171 3092 1360 3185; x_wconf 87' lang='lat' dir='ltr'><strong>quod</strong></span> <span class='ocrx_word' id='word_1_123' title='bbox 1394 3113 1529 3162; x_wconf 91' lang='lat' dir='ltr'><strong>non</strong></span> <span class='ocrx_word' id='word_1_124' title='bbox 1572 3091 1905 3163; x_wconf 87' lang='lat' dir='ltr'><strong>besterna</strong></span> <span class='ocrx_word' id='word_1_125' title='bbox 1943 3089 2096 3162; x_wconf 87' lang='lat' dir='ltr'><strong>dies</strong></span> <span class='ocrx_word' id='word_1_126' title='bbox 2138 3090 2569 3184; x_wconf 87' lang='lat' dir='ltr'><strong>impleverit,</strong></span> 
     </span>
     <span class='ocr_line' id='line_1_21' title="bbox 417 3211 2574 3308; baseline -0 -26"><span class='ocrx_word' id='word_1_127' title='bbox 417 3214 557 3285; x_wconf 91' lang='lat' dir='ltr'><strong>imo</strong></span> <span class='ocrx_word' id='word_1_128' title='bbox 620 3216 855 3308; x_wconf 89' lang='lat' dir='ltr'><strong>procul</strong></span> <span class='ocrx_word' id='word_1_129' title='bbox 921 3214 1332 3286; x_wconf 84' lang='lat' dir='ltr'><strong>excesserit:</strong></span> <span class='ocrx_word' id='word_1_130' title='bbox 1389 3212 1739 3303; x_wconf 82' lang='lat' dir='ltr'><strong>singulare</strong></span> <span class='ocrx_word' id='word_1_131' title='bbox 1788 3213 2180 3307; x_wconf 83' lang='lat' dir='ltr'><strong>quoddam,</strong></span> <span class='ocrx_word' id='word_1_132' title='bbox 2236 3221 2306 3282; x_wconf 91' lang='lat' dir='ltr'><strong>et</strong></span> <span class='ocrx_word' id='word_1_133' title='bbox 2354 3211 2574 3282; x_wconf 92' lang='lat' dir='ltr'><strong>omni-</strong></span> 
     </span>
     <span class='ocr_line' id='line_1_22' title="bbox 417 3332 2568 3428; baseline -0.002 -21"><span class='ocrx_word' id='word_1_134' title='bbox 417 3335 549 3407; x_wconf 92' lang='lat' dir='ltr'><strong>bus</strong></span> <span class='ocrx_word' id='word_1_135' title='bbox 594 3337 868 3410; x_wconf 87' lang='lat' dir='ltr'><strong>saeculis</strong></span> <span class='ocrx_word' id='word_1_136' title='bbox 910 3337 1293 3410; x_wconf 87' lang='lat' dir='ltr'><strong>inauditum</strong></span> <span class='ocrx_word' id='word_1_137' title='bbox 1330 3336 1610 3407; x_wconf 90' lang='lat' dir='ltr'><strong>malum.</strong></span> <span class='ocrx_word' id='word_1_138' title='bbox 1640 3337 1880 3428; x_wconf 90' lang='lat' dir='ltr'><strong>Itaque</strong></span> <span class='ocrx_word' id='word_1_139' title='bbox 1905 3336 2247 3406; x_wconf 89' lang='lat' dir='ltr'><strong>Homerus</strong></span> <span class='ocrx_word' id='word_1_140' title='bbox 2273 3332 2568 3415; x_wconf 85' lang='lat' dir='ltr'><strong>Graiam,</strong></span> 
     </span>
     <span class='ocr_line' id='line_1_23' title="bbox 417 3457 2573 3551; baseline -0.002 -21"><span class='ocrx_word' id='word_1_141' title='bbox 417 3460 708 3532; x_wconf 89' lang='lat' dir='ltr'><strong>AEoliam</strong></span> <span class='ocrx_word' id='word_1_142' title='bbox 747 3461 964 3545; x_wconf 87' lang='lat' dir='ltr'><strong>Maro,</strong></span> <span class='ocrx_word' id='word_1_143' title='bbox 1008 3461 1333 3531; x_wconf 91' lang='lat' dir='ltr'><strong>Lucanus</strong></span> <span class='ocrx_word' id='word_1_144' title='bbox 1358 3458 1795 3551; x_wconf 88' lang='lat' dir='ltr'><strong>Epirensem,</strong></span> <span class='ocrx_word' id='word_1_145' title='bbox 1839 3457 1952 3527; x_wconf 91' lang='lat' dir='ltr'><strong>alii</strong></span> <span class='ocrx_word' id='word_1_146' title='bbox 1995 3459 2165 3528; x_wconf 91' lang='lat' dir='ltr'><strong>alias</strong></span> <span class='ocrx_word' id='word_1_147' title='bbox 2200 3466 2573 3549; x_wconf 88' lang='lat' dir='ltr'><strong>tempesta-</strong></span> 
     </span>
     <span class='ocr_line' id='line_1_24' title="bbox 414 3578 2570 3685; baseline -0.005 -27"><span class='ocrx_word' id='word_1_148' title='bbox 414 3595 517 3658; x_wconf 83' lang='lat' dir='ltr'><strong>tes</strong></span> <span class='ocrx_word' id='word_1_149' title='bbox 558 3596 828 3657; x_wconf 91' lang='lat' dir='ltr'><strong>canant.</strong></span> <span class='ocrx_word' id='word_1_150' title='bbox 874 3583 1043 3655; x_wconf 86' lang='lat' dir='ltr'><strong>Mihi</strong></span> <span class='ocrx_word' id='word_1_151' title='bbox 1086 3583 1146 3655; x_wconf 92' lang='lat' dir='ltr'><strong>si</strong></span> <span class='ocrx_word' id='word_1_152' title='bbox 1190 3604 1496 3675; x_wconf 88' lang='lat' dir='ltr'><strong>unquam</strong></span> <span class='ocrx_word' id='word_1_153' title='bbox 1536 3602 1839 3652; x_wconf 87' lang='lat' dir='ltr'><strong>vacuum</strong></span> <span class='ocrx_word' id='word_1_154' title='bbox 1893 3590 2168 3685; x_wconf 83' lang='lat' dir='ltr'><strong>tempus</strong></span> <span class='ocrx_word' id='word_1_155' title='bbox 2209 3580 2357 3663; x_wconf 89' lang='lat' dir='ltr'><strong>erit,</strong></span> <span class='ocrx_word' id='word_1_156' title='bbox 2393 3578 2570 3647; x_wconf 89' lang='lat' dir='ltr'><strong>Nea-</strong></span> 
     </span>
     <span class='ocr_line' id='line_1_25' title="bbox 412 3698 2565 3803; baseline -0.006 -22"><span class='ocrx_word' id='word_1_157' title='bbox 412 3709 710 3801; x_wconf 88' lang='lat' dir='ltr'><strong>politana</strong></span> <span class='ocrx_word' id='word_1_158' title='bbox 753 3718 1130 3803; x_wconf 87' lang='lat' dir='ltr'><strong>tempestas</strong></span> <span class='ocrx_word' id='word_1_159' title='bbox 1169 3705 1495 3778; x_wconf 87' lang='lat' dir='ltr'><strong>carminis</strong></span> <span class='ocrx_word' id='word_1_160' title='bbox 1538 3703 1899 3775; x_wconf 87' lang='lat' dir='ltr'><strong>materiam</strong></span> <span class='ocrx_word' id='word_1_161' title='bbox 1942 3700 2222 3773; x_wconf 88' lang='lat' dir='ltr'><strong>abunde</strong></span> <span class='ocrx_word' id='word_1_162' title='bbox 2272 3698 2565 3786; x_wconf 88' lang='lat' dir='ltr'><strong>tribuet,</strong></span> 
     </span>
     <span class='ocr_line' id='line_1_26' title="bbox 412 3822 2567 3926; baseline -0.005 -23"><span class='ocrx_word' id='word_1_163' title='bbox 412 3855 832 3926; x_wconf 90' lang='lat' dir='ltr'><strong>quamquam</strong></span> <span class='ocrx_word' id='word_1_164' title='bbox 877 3854 1015 3903; x_wconf 90' lang='lat' dir='ltr'><strong>non</strong></span> <span class='ocrx_word' id='word_1_165' title='bbox 1065 3828 1513 3924; x_wconf 87' lang='lat' dir='ltr'><strong>Neapolitana</strong></span> <span class='ocrx_word' id='word_1_166' title='bbox 1567 3837 1859 3912; x_wconf 85' lang='lat' dir='ltr'><strong>tantum,</strong></span> <span class='ocrx_word' id='word_1_167' title='bbox 1901 3825 2028 3897; x_wconf 91' lang='lat' dir='ltr'><strong>sed</strong></span> <span class='ocrx_word' id='word_1_168' title='bbox 2069 3823 2280 3895; x_wconf 89' lang='lat' dir='ltr'><strong>totius</strong></span> <span class='ocrx_word' id='word_1_169' title='bbox 2332 3822 2567 3916; x_wconf 86' lang='lat' dir='ltr'><strong>superi</strong></span> 
     </span>
     <span class='ocr_line' id='line_1_27' title="bbox 411 3946 2570 4049; baseline -0.004 -24"><span class='ocrx_word' id='word_1_170' title='bbox 411 3966 617 4049; x_wconf 89' lang='lat' dir='ltr'><strong>atque</strong></span> <span class='ocrx_word' id='word_1_171' title='bbox 657 3955 856 4027; x_wconf 85' lang='lat' dir='ltr'><strong>inferi</strong></span> <span class='ocrx_word' id='word_1_172' title='bbox 894 3954 1135 4039; x_wconf 81' lang='lat' dir='ltr'><strong>mariS‚</strong></span> <span class='ocrx_word' id='word_1_173' title='bbox 1180 3962 1252 4023; x_wconf 89' lang='lat' dir='ltr'><strong>et</strong></span> <span class='ocrx_word' id='word_1_174' title='bbox 1293 3950 1711 4024; x_wconf 87' lang='lat' dir='ltr'><strong>universalis</strong></span> <span class='ocrx_word' id='word_1_175' title='bbox 1752 3946 2265 4043; x_wconf 89' lang='lat' dir='ltr'><strong>quodammodo</strong></span> <span class='ocrx_word' id='word_1_176' title='bbox 2305 3956 2570 4041; x_wconf 91' lang='lat' dir='ltr'><strong>tempe-</strong></span> 
     </span>
     <span class='ocr_line' id='line_1_28' title="bbox 412 4069 2566 4172; baseline -0.004 -22"><span class='ocrx_word' id='word_1_177' title='bbox 412 4087 583 4165; x_wconf 81' lang='lat' dir='ltr'><strong>staS,</strong></span> <span class='ocrx_word' id='word_1_178' title='bbox 640 4089 718 4150; x_wconf 90' lang='lat' dir='ltr'><strong>ut</strong></span> <span class='ocrx_word' id='word_1_179' title='bbox 765 4079 1160 4172; x_wconf 89' lang='lat' dir='ltr'><strong>opinantur,</strong></span> <span class='ocrx_word' id='word_1_180' title='bbox 1215 4074 1446 4158; x_wconf 86' lang='lat' dir='ltr'><strong>fuerit3</strong></span> <span class='ocrx_word' id='word_1_181' title='bbox 1498 4072 1668 4143; x_wconf 91' lang='lat' dir='ltr'><strong>mihi</strong></span> <span class='ocrx_word' id='word_1_182' title='bbox 1717 4071 2165 4165; x_wconf 87' lang='lat' dir='ltr'><strong>Neapolitana</strong></span> <span class='ocrx_word' id='word_1_183' title='bbox 2213 4080 2348 4156; x_wconf 89' lang='lat' dir='ltr'><strong>est,</strong></span> <span class='ocrx_word' id='word_1_184' title='bbox 2404 4069 2566 4164; x_wconf 87' lang='lat' dir='ltr'><strong>quia</strong></span> 
     </span>
     <span class='ocr_line' id='line_1_29' title="bbox 410 4196 2564 4297; baseline -0.005 -24"><span class='ocrx_word' id='word_1_185' title='bbox 410 4225 521 4274; x_wconf 91' lang='lat' dir='ltr'><strong>me</strong></span> <span class='ocrx_word' id='word_1_186' title='bbox 560 4201 840 4297; x_wconf 87' lang='lat' dir='ltr'><strong>Neapoli</strong></span> <span class='ocrx_word' id='word_1_187' title='bbox 877 4222 1130 4293; x_wconf 81' lang='lat' dir='ltr'><strong>graves</strong></span> <span class='ocrx_word' id='word_1_188' title='bbox 1168 4220 1396 4272; x_wconf 87' lang='lat' dir='ltr'><strong>moras</strong></span> <span class='ocrx_word' id='word_1_189' title='bbox 1434 4207 1755 4290; x_wconf 78' lang='lat' dir='ltr'><strong>agentem</strong></span> <span class='ocrx_word' id='word_1_190' title='bbox 1792 4196 2070 4292; x_wconf 89' lang='lat' dir='ltr'><strong>reperit.</strong></span> <span class='ocrx_word' id='word_1_191' title='bbox 2108 4198 2304 4282; x_wconf 90' lang='lat' dir='ltr'><strong>Sane,</strong></span> <span class='ocrx_word' id='word_1_192' title='bbox 2344 4214 2564 4288; x_wconf 88' lang='lat' dir='ltr'><strong>quan-</strong></span> 
     </span>
    </p>
   </div>
  </div>
 </body>
</html>
