3104 4805
456 395 479 414 .,
565 335 681 397 ‘238
1240 351 1320 398 DE
1363 351 1564 400 annus
1606 352 2046 401 mmnunums

566 497 907 590 Equidem
946 499 1204 569 frustra
1242 498 1331 569 de
1372 501 1863 594 comparativis
1905 501 2133 593 litiges
2185 501 2308 576 ubi
2338 502 2428 574 ad
2473 524 2719 597 super-

564 622 774 692 lativa
835 632 1246 715 perventum
1311 633 1441 694 est.
1508 624 1678 694 Falli
1741 647 1880 697 non
1929 633 2166 720 potes:
2235 626 2572 718 optimum
2636 650 2718 698 ac

569 745 946 815 maximum
989 746 1120 815 erit
1158 745 1496 840 quidquid
1535 748 1867 839 elegeris;
1910 747 2068 819 licet
2108 749 2197 820 de
2247 749 2380 821 hac
2421 773 2497 821 re
2539 750 2718 822 inter-

564 868 860 938 amicum
903 876 1094 939 tuum
1146 870 1352 940 clarae
1400 869 1754 942 memoriae
1813 870 2381 943 Lomberiensem
2431 874 2715 967 Episco-

565 1015 730 1085 pum
764 989 1129 1075 Iacobum,
1168 1001 1238 1061 et
1288 989 1427 1075 me,
1483 991 1730 1063 crebro
1767 991 2230 1087 disceptatum
2280 1017 2441 1066 esse
2477 996 2717 1066 memi-

563 1117 819 1200 nerim;
862 1114 976 1185 illo
1015 1136 1139 1208 per
1178 1115 1481 1207 vestigia
1515 1125 1633 1186 tua
1685 1138 1961 1210 semper
2000 1139 2139 1188 uno
2198 1140 2319 1190 ore
2377 1118 2713 1213 Hierony-

562 1261 778 1324 mum,
833 1259 945 1308 me
979 1258 1150 1308 vero
1190 1235 1664 1329 Augustinum
1708 1238 1886 1309 inter
1927 1241 2300 1334 scriptores
2338 1240 2710 1312 catholicos

561 1364 992 1457 praeferente.
1035 1362 1123 1431 Et
1167 1382 1364 1447 sane,
1408 1363 1468 1432 si
1507 1384 1737 1456 neque
1787 1364 2147 1435 veritatem
2209 1385 2431 1457 neque
2483 1374 2548 1434 te
2587 1385 2713 1434 ve-

564 1511 718 1559 rear
750 1483 1125 1569 offendere,
1169 1485 1427 1572 dicam,
1485 1495 1709 1580 pater,
1748 1485 1936 1579 quod
1989 1486 2232 1558 sentio.
2287 1487 2457 1557 Cum
2497 1489 2713 1559 multa

564 1611 755 1683 varia
804 1620 875 1681 et
922 1609 1267 1681 luminosa
1319 1610 1457 1681 sint
1498 1609 1760 1697 sidera,
1815 1621 1892 1682 ut
1945 1611 2032 1682 sit
2092 1609 2202 1681 hic
2253 1609 2528 1705 Iupiter,
2599 1610 2710 1681 hic

561 1731 931 1818 ArcturuS,
988 1733 1099 1803 hic
1163 1732 1474 1816 Lucifer,
1522 1733 1637 1802 Sol
1686 1733 2019 1805 Ecclesiae
2081 1731 2518 1824 Augustinus
2582 1742 2758 1818 est..

563 1858 701 1929 Sed
750 1857 929 1941 haec,
975 1867 1056 1928 ut
1095 1857 1272 1941 dixi,
1315 1856 1505 1928 haud
1544 1856 1778 1949 magni
1820 1855 2148 1927 momenti
2188 1855 2505 1938 secerim3
2541 1876 2732 1948 quo·.

560 1984 745 2055 niam
793 1993 865 2054 et
908 1983 1149 2054 electio
1193 1990 1337 2052 tuta
1377 1991 1513 2065 est,
1559 1990 1629 2051 et
1678 1979 1890 2052 libera
1943 1978 2198 2052 debent
2234 2001 2396 2050 esse
2438 1979 2711 2051 iudicia.

558 2105 676 2190 At,
716 2103 903 2199 quod
938 2105 1277 2196 sequitur,
1326 2112 1390 2174 te
1430 2104 1611 2174 inter
1641 2106 1938 2175 morales
1972 2101 2325 2174 Valerium
2366 2105 2710 2198 praeferre,

558 2229 718 2322 quis
770 2249 905 2298 non
958 2228 1286 2317 stupeat?
1351 2225 1411 2295 si
1484 2236 1718 2297 tamen
1793 2228 1975 2299 serio
2041 2237 2714 2323 perseveranterque

558 2351 819 2423 dictum
859 2357 999 2433 est,
1044 2356 1115 2418 et
1152 2369 1292 2419 non
1326 2346 1596 2420 iocandi
1638 2350 2085 2445 tentandique
2118 2352 2371 2423 animo.
2416 2351 2486 2422 Si
2527 2350 2714 2421 enim

556 2472 876 2543 Valerius
915 2472 1183 2566 primus
1217 2482 1347 2555 est,
1387 2481 1672 2565 quotus,
1716 2494 1977 2566 quaese,
2022 2477 2214 2545 Plato
2253 2477 2411 2546 est‘?
2444 2475 2713 2558 Quotus

558 2592 997 2678 AristoteleS‚
1058 2603 1312 2686 quotus
1376 2595 1657 2679 Cicero,
1726 2607 1980 2689 quotus
2045 2596 2353 2670 Annaeus
2407 2601 2710 2681 Seneca,

556 2738 765 2810 quem
801 2717 873 2786 in
914 2718 1042 2787 hac
1093 2738 1169 2787 re
1220 2716 1457 2808 magni
1504 2717 1787 2809 quidem
1854 2719 2318 2790 aestimatores
2384 2721 2710 2791 omnibus

558 2841 1054 2933 praetulerunt‘?
1076 2838 1225 2909 Nisi
1253 2837 1418 2909 illud
1451 2840 1627 2909 forte
1662 2840 2013 2908 Platonem
2041 2861 2120 2908 ac
2148 2837 2444 2907 Tullium
2470 2841 2709 2909 exclu-

559 2960 683 3044 dit,
770 2961 998 3055 quod,
1075 2962 1145 3033 in
1206 2961 1537 3057 epistolae
1601 2971 1738 3031 tuae
1806 2969 1997 3053 parte
2062 2961 2472 3052 perlectum,
2542 2961 2709 3028 novi

561 3084 729 3156 mihi
774 3085 1072 3179 stuporis
1109 3107 1322 3158 causa
1360 3085 1515 3171 fuit,
1556 3084 1673 3156 ubi
1708 3084 1941 3156 nescio
1976 3083 2142 3177 quid
2180 3082 2518 3174 cogitans,
2558 3081 2709 3153 illos

560 3217 801 3303 poetas
840 3229 1027 3294 esse,
1078 3220 1150 3280 et
1211 3220 1571 3304 poetarum
1622 3207 1851 3280 choris
1903 3204 2345 3278 adnumerari
2396 3214 2712 3298 oportere

560 3332 837 3416 dixisti,
880 3333 1067 3424 quod
1118 3332 1176 3403 si
1217 3332 1566 3426 loquendo
1615 3329 1950 3424 consequi
2010 3340 2238 3424 poteS,
2285 3330 2441 3422 plus
2481 3328 2713 3420 egeris

562 3458 858 3528 fortasse
905 3477 1118 3549 quam
1168 3465 1404 3549 putas:
1475 3455 1784 3527 secundo
1849 3452 2187 3550 Apolline,
2251 3462 2323 3525 et
2381 3453 2718 3549 plauden-

565 3578 749 3651 tibus
801 3578 1040 3663 musiS,
1096 3600 1387 3670 magnos
1437 3580 1615 3652 duos
1682 3578 1942 3651 incolas
1993 3577 2341 3650 umbrosis
2391 3574 2717 3649 Parnassi

560 3702 854 3774 collibus
895 3702 1270 3775 addideris.
1320 3702 1411 3774 At
1459 3701 1656 3798 quid,
1711 3724 1863 3786 or0,
1919 3713 1985 3774 te
2046 3701 2263 3773 movit
2313 3710 2390 3771 ut
2439 3698 2508 3771 id
2572 3699 2718 3792 opi-

566 3826 833 3897 nareris
883 3837 1004 3898 aut
1063 3827 1361 3913 dicereS,
1432 3850 1592 3898 cum
1651 3825 1912 3897 Tullius
1986 3825 2056 3895 in
2107 3824 2456 3918 prioribus
2523 3822 2715 3895 libris

568 3969 883 4019 summus
922 3959 1183 4038 orator,
1252 3952 1321 4022 in
1361 3949 1623 4021 ultimis
1672 3949 2129 4045 philosophus
2180 3948 2466 4021 illustris
2508 3971 2717 4041 appa-

571 4074 775 4139 reat?
824 4072 1013 4145 Sicut
1051 4083 1280 4145 autem
1354 4072 1607 4167 ubique
1656 4072 1983 4165 Virgilius
2027 4083 2254 4166 poeta,
2313 4070 2411 4142 sic
2453 4068 2714 4138 Tullius

567 4213 952 4286 nusquam3
1014 4197 1358 4289 quoniam,
1437 4206 1513 4269 ut
1573 4197 1639 4266 in
1706 4194 2318 4268 declamationibus
2382 4190 2708 4281 legimus,
