<?xml version="1.0" encoding="UTF-8"?>
<!DOCTYPE html PUBLIC "-//W3C//DTD XHTML 1.0 Transitional//EN"
    "http://www.w3.org/TR/xhtml1/DTD/xhtml1-transitional.dtd">
<html xmlns="http://www.w3.org/1999/xhtml" xml:lang="en" lang="en">
 <head>
  <title>
</title>
<meta http-equiv="Content-Type" content="text/html;charset=utf-8" />
  <meta name='ocr-system' content='tesseract 3.04.00' />
  <meta name='ocr-capabilities' content='ocr_page ocr_carea ocr_par ocr_line ocrx_word'/>
</head>
<body>
  <div class='ocr_page' id='page_1' title='image "./epistolaederebu00unkngoog_0413.png"; bbox 0 0 3104 4805; ppageno 0'>
   <div class='ocr_carea' id='block_1_1' title="bbox 858 379 2517 450">
    <p class='ocr_par' dir='ltr' id='par_1_1' title="bbox 858 379 2517 450">
     <span class='ocr_line' id='line_1_1' title="bbox 858 379 2517 450; baseline 0 -9"><span class='ocrx_word' id='word_1_1' title='bbox 858 392 1045 442; x_wconf 75' lang='lat' dir='ltr'><strong>unna</strong></span> <span class='ocrx_word' id='word_1_2' title='bbox 1085 390 1394 450; x_wconf 65' lang='lat' dir='ltr'><strong>omarus.</strong></span> <span class='ocrx_word' id='word_1_3' title='bbox 1418 392 1829 442; x_wconf 69' lang='lat' dir='ltr'><strong>—srrsromt</strong></span> <span class='ocrx_word' id='word_1_4' title='bbox 1870 394 1993 442; x_wconf 84' lang='lat' dir='ltr'>xv1.</span> <span class='ocrx_word' id='word_1_5' title='bbox 2400 379 2517 447; x_wconf 71' lang='lat'><strong>245</strong></span> 
     </span>
    </p>
   </div>
   <div class='ocr_carea' id='block_1_2' title="bbox 353 536 2528 4298">
    <p class='ocr_par' dir='ltr' id='par_1_2' title="bbox 353 536 2528 4298">
     <span class='ocr_line' id='line_1_2' title="bbox 355 536 2520 629; baseline -0 -19"><span class='ocrx_word' id='word_1_6' title='bbox 355 540 513 612; x_wconf 75' lang='lat' dir='ltr'><strong>est?</strong></span> <span class='ocrx_word' id='word_1_7' title='bbox 545 538 823 623; x_wconf 82' lang='lat' dir='ltr'><strong>SumuS,</strong></span> <span class='ocrx_word' id='word_1_8' title='bbox 866 539 1105 621; x_wconf 82' lang='lat' dir='ltr'><strong>fateor,</strong></span> <span class='ocrx_word' id='word_1_9' title='bbox 1141 558 1282 609; x_wconf 92' lang='lat' dir='ltr'><strong>non</strong></span> <span class='ocrx_word' id='word_1_10' title='bbox 1321 558 1492 629; x_wconf 82' lang='lat' dir='ltr'><strong>erga</strong></span> <span class='ocrx_word' id='word_1_11' title='bbox 1534 544 1813 609; x_wconf 87' lang='lat' dir='ltr'><strong>sanctos</strong></span> <span class='ocrx_word' id='word_1_12' title='bbox 1856 544 2137 620; x_wconf 88' lang='lat' dir='ltr'><strong>tantum,</strong></span> <span class='ocrx_word' id='word_1_13' title='bbox 2184 536 2311 608; x_wconf 90' lang='lat' dir='ltr'><strong>sed</strong></span> <span class='ocrx_word' id='word_1_14' title='bbox 2350 558 2520 629; x_wconf 82' lang='lat' dir='ltr'><strong>erga</strong></span> 
     </span>
     <span class='ocr_line' id='line_1_3' title="bbox 358 655 2521 753; baseline -0.001 -21"><span class='ocrx_word' id='word_1_15' title='bbox 358 668 761 732; x_wconf 86' lang='lat' dir='ltr'><strong>sanctorum</strong></span> <span class='ocrx_word' id='word_1_16' title='bbox 800 657 1159 731; x_wconf 89' lang='lat' dir='ltr'><strong>dominum</strong></span> <span class='ocrx_word' id='word_1_17' title='bbox 1208 658 1482 751; x_wconf 79' lang='lat' dir='ltr'><strong>ingrati.</strong></span> <span class='ocrx_word' id='word_1_18' title='bbox 1539 657 1878 742; x_wconf 83' lang='lat' dir='ltr'><strong>Quaenam</strong></span> <span class='ocrx_word' id='word_1_19' title='bbox 1919 655 2339 753; x_wconf 78' lang='lat' dir='ltr'>Hieronymo</span> <span class='ocrx_word' id='word_1_20' title='bbox 2376 657 2521 730; x_wconf 90' lang='lat' dir='ltr'><strong>sin-</strong></span> 
     </span>
     <span class='ocr_line' id='line_1_4' title="bbox 357 778 2522 874; baseline -0 -21"><span class='ocrx_word' id='word_1_21' title='bbox 357 780 690 874; x_wconf 81' lang='lat' dir='ltr'><strong>gularior,</strong></span> <span class='ocrx_word' id='word_1_22' title='bbox 753 802 962 873; x_wconf 90' lang='lat' dir='ltr'><strong>quam</strong></span> <span class='ocrx_word' id='word_1_23' title='bbox 1026 779 1301 852; x_wconf 80' lang='lat' dir='ltr'><strong>caeteris</strong></span> <span class='ocrx_word' id='word_1_24' title='bbox 1364 778 1819 872; x_wconf 84' lang='lat' dir='ltr'><strong>querimoniae</strong></span> <span class='ocrx_word' id='word_1_25' title='bbox 1886 799 2103 850; x_wconf 89' lang='lat' dir='ltr'><strong>causa</strong></span> <span class='ocrx_word' id='word_1_26' title='bbox 2166 781 2323 849; x_wconf 84' lang='lat' dir='ltr'><strong>est‘?</strong></span> <span class='ocrx_word' id='word_1_27' title='bbox 2379 778 2522 852; x_wconf 89' lang='lat' dir='ltr'><strong>Aut</strong></span> 
     </span>
     <span class='ocr_line' id='line_1_5' title="bbox 356 899 2518 997; baseline -0.001 -23"><span class='ocrx_word' id='word_1_28' title='bbox 356 925 685 997; x_wconf 85' lang='lat' dir='ltr'><strong>quaenam</strong></span> <span class='ocrx_word' id='word_1_29' title='bbox 727 903 956 996; x_wconf 87' lang='lat' dir='ltr'><strong>potius</strong></span> <span class='ocrx_word' id='word_1_30' title='bbox 1008 903 1338 974; x_wconf 90' lang='lat' dir='ltr'><strong>Italorum</strong></span> <span class='ocrx_word' id='word_1_31' title='bbox 1377 902 1612 994; x_wconf 87' lang='lat' dir='ltr'><strong>culpa,</strong></span> <span class='ocrx_word' id='word_1_32' title='bbox 1664 922 1878 996; x_wconf 91' lang='lat' dir='ltr'><strong>quam</strong></span> <span class='ocrx_word' id='word_1_33' title='bbox 1907 899 2308 972; x_wconf 71' lang='lat' dir='ltr'><strong>hominum?</strong></span> <span class='ocrx_word' id='word_1_34' title='bbox 2348 902 2518 972; x_wconf 90' lang='lat' dir='ltr'><strong>Cum</strong></span> 
     </span>
     <span class='ocr_line' id='line_1_6' title="bbox 357 1022 2520 1119; baseline -0.001 -21"><span class='ocrx_word' id='word_1_35' title='bbox 357 1048 483 1098; x_wconf 88' lang='lat' dir='ltr'><strong>nec</strong></span> <span class='ocrx_word' id='word_1_36' title='bbox 522 1026 673 1118; x_wconf 91' lang='lat' dir='ltr'><strong>ipse</strong></span> <span class='ocrx_word' id='word_1_37' title='bbox 713 1026 928 1096; x_wconf 90' lang='lat' dir='ltr'><strong>Italus</strong></span> <span class='ocrx_word' id='word_1_38' title='bbox 977 1023 1277 1117; x_wconf 83' lang='lat' dir='ltr'><strong>origine,</strong></span> <span class='ocrx_word' id='word_1_39' title='bbox 1320 1032 1394 1095; x_wconf 93' lang='lat' dir='ltr'><strong>et</strong></span> <span class='ocrx_word' id='word_1_40' title='bbox 1435 1023 1697 1119; x_wconf 87' lang='lat' dir='ltr'><strong>saepius</strong></span> <span class='ocrx_word' id='word_1_41' title='bbox 1750 1023 1823 1094; x_wconf 92' lang='lat' dir='ltr'><strong>in</strong></span> <span class='ocrx_word' id='word_1_42' title='bbox 1860 1022 2146 1096; x_wconf 81' lang='lat' dir='ltr'>Oriente</span> <span class='ocrx_word' id='word_1_43' title='bbox 2193 1034 2520 1096; x_wconf 86' lang='lat' dir='ltr'><strong>versatus</strong></span> 
     </span>
     <span class='ocr_line' id='line_1_7' title="bbox 358 1144 2523 1240; baseline -0 -20"><span class='ocrx_word' id='word_1_44' title='bbox 358 1149 494 1220; x_wconf 80' lang='lat' dir='ltr'><strong>sit‘?</strong></span> <span class='ocrx_word' id='word_1_45' title='bbox 541 1147 768 1219; x_wconf 88' lang='lat' dir='ltr'><strong>Versa</strong></span> <span class='ocrx_word' id='word_1_46' title='bbox 819 1156 906 1233; x_wconf 89' lang='lat' dir='ltr'><strong>te,</strong></span> <span class='ocrx_word' id='word_1_47' title='bbox 945 1156 1158 1240; x_wconf 80' lang='lat' dir='ltr'><strong>paler,</strong></span> <span class='ocrx_word' id='word_1_48' title='bbox 1197 1144 1328 1221; x_wconf 90' lang='lat' dir='ltr'><strong>hac</strong></span> <span class='ocrx_word' id='word_1_49' title='bbox 1377 1146 1577 1230; x_wconf 88' lang='lat' dir='ltr'><strong>illac;</strong></span> <span class='ocrx_word' id='word_1_50' title='bbox 1630 1146 1834 1232; x_wconf 90' lang='lat' dir='ltr'><strong>rati0‚</strong></span> <span class='ocrx_word' id='word_1_51' title='bbox 1878 1157 1959 1219; x_wconf 88' lang='lat' dir='ltr'><strong>ut</strong></span> <span class='ocrx_word' id='word_1_52' title='bbox 2006 1145 2330 1232; x_wconf 83' lang='lat' dir='ltr'><strong>arbitror,</strong></span> <span class='ocrx_word' id='word_1_53' title='bbox 2383 1167 2523 1219; x_wconf 92' lang='lat' dir='ltr'><strong>non</strong></span> 
     </span>
     <span class='ocr_line' id='line_1_8' title="bbox 356 1268 2524 1366; baseline -0.002 -22"><span class='ocrx_word' id='word_1_54' title='bbox 356 1271 490 1344; x_wconf 87' lang='lat' dir='ltr'><strong>erit</strong></span> <span class='ocrx_word' id='word_1_55' title='bbox 529 1270 882 1343; x_wconf 90' lang='lat' dir='ltr'><strong>sufficiens</strong></span> <span class='ocrx_word' id='word_1_56' title='bbox 923 1270 1222 1366; x_wconf 88' lang='lat' dir='ltr'><strong>probare</strong></span> <span class='ocrx_word' id='word_1_57' title='bbox 1260 1270 1452 1364; x_wconf 90' lang='lat' dir='ltr'><strong>quod</strong></span> <span class='ocrx_word' id='word_1_58' title='bbox 1488 1269 1811 1355; x_wconf 83' lang='lat' dir='ltr'><strong>intendis,</strong></span> <span class='ocrx_word' id='word_1_59' title='bbox 1850 1268 1986 1341; x_wconf 90' lang='lat' dir='ltr'><strong>nisi</strong></span> <span class='ocrx_word' id='word_1_60' title='bbox 2025 1271 2230 1354; x_wconf 86' lang='lat' dir='ltr'><strong>forte,</strong></span> <span class='ocrx_word' id='word_1_61' title='bbox 2265 1269 2388 1362; x_wconf 91' lang='lat' dir='ltr'><strong>qui</strong></span> <span class='ocrx_word' id='word_1_62' title='bbox 2412 1291 2524 1340; x_wconf 91' lang='lat' dir='ltr'><strong>ra-</strong></span> 
     </span>
     <span class='ocr_line' id='line_1_9' title="bbox 358 1391 2524 1486; baseline -0.001 -21"><span class='ocrx_word' id='word_1_63' title='bbox 358 1395 562 1467; x_wconf 80' lang='lat' dir='ltr'><strong>tionis</strong></span> <span class='ocrx_word' id='word_1_64' title='bbox 602 1395 758 1466; x_wconf 85' lang='lat' dir='ltr'><strong>vice</strong></span> <span class='ocrx_word' id='word_1_65' title='bbox 797 1395 1136 1486; x_wconf 80' lang='lat' dir='ltr'><strong>fungitur,</strong></span> <span class='ocrx_word' id='word_1_66' title='bbox 1174 1392 1540 1465; x_wconf 90' lang='lat' dir='ltr'><strong>instinctus</strong></span> <span class='ocrx_word' id='word_1_67' title='bbox 1584 1391 1800 1464; x_wconf 90' lang='lat' dir='ltr'><strong>animi</strong></span> <span class='ocrx_word' id='word_1_68' title='bbox 1826 1392 2095 1477; x_wconf 89' lang='lat' dir='ltr'><strong>tacitus,</strong></span> <span class='ocrx_word' id='word_1_69' title='bbox 2133 1402 2206 1463; x_wconf 91' lang='lat' dir='ltr'><strong>et</strong></span> <span class='ocrx_word' id='word_1_70' title='bbox 2239 1393 2351 1485; x_wconf 92' lang='lat' dir='ltr'><strong>pia</strong></span> <span class='ocrx_word' id='word_1_71' title='bbox 2375 1415 2524 1463; x_wconf 91' lang='lat' dir='ltr'><strong>ma-</strong></span> 
     </span>
     <span class='ocr_line' id='line_1_10' title="bbox 357 1514 2525 1610; baseline -0.001 -22"><span class='ocrx_word' id='word_1_72' title='bbox 357 1517 466 1607; x_wconf 81' lang='lat' dir='ltr'><strong>gis</strong></span> <span class='ocrx_word' id='word_1_73' title='bbox 529 1538 741 1610; x_wconf 90' lang='lat' dir='ltr'><strong>quam</strong></span> <span class='ocrx_word' id='word_1_74' title='bbox 808 1515 1242 1588; x_wconf 89' lang='lat' dir='ltr'><strong>examussim</strong></span> <span class='ocrx_word' id='word_1_75' title='bbox 1306 1514 1638 1587; x_wconf 89' lang='lat' dir='ltr'><strong>trutinata</strong></span> <span class='ocrx_word' id='word_1_76' title='bbox 1697 1514 1995 1586; x_wconf 90' lang='lat' dir='ltr'><strong>devotio.</strong></span> <span class='ocrx_word' id='word_1_77' title='bbox 2063 1516 2326 1587; x_wconf 90' lang='lat' dir='ltr'><strong>Verum</strong></span> <span class='ocrx_word' id='word_1_78' title='bbox 2386 1514 2525 1586; x_wconf 88' lang='lat' dir='ltr'><strong>ista</strong></span> 
     </span>
     <span class='ocr_line' id='line_1_11' title="bbox 356 1635 2521 1733; baseline -0 -24"><span class='ocrx_word' id='word_1_79' title='bbox 356 1639 879 1733; x_wconf 69' lang='lat' dir='ltr'><strong>praetervehor:</strong></span> <span class='ocrx_word' id='word_1_80' title='bbox 923 1647 1066 1709; x_wconf 86' lang='lat' dir='ltr'><strong>tam</strong></span> <span class='ocrx_word' id='word_1_81' title='bbox 1109 1658 1308 1709; x_wconf 92' lang='lat' dir='ltr'><strong>sacra</strong></span> <span class='ocrx_word' id='word_1_82' title='bbox 1348 1638 1533 1708; x_wconf 92' lang='lat' dir='ltr'><strong>enim</strong></span> <span class='ocrx_word' id='word_1_83' title='bbox 1587 1635 1869 1708; x_wconf 91' lang='lat' dir='ltr'><strong>nomina</strong></span> <span class='ocrx_word' id='word_1_84' title='bbox 1907 1635 2521 1730; x_wconf 83' lang='lat' dir='ltr'><strong>disputatiunculis</strong></span> 
     </span>
     <span class='ocr_line' id='line_1_12' title="bbox 356 1757 2523 1852; baseline -0 -22"><span class='ocrx_word' id='word_1_85' title='bbox 356 1758 741 1852; x_wconf 87' lang='lat' dir='ltr'><strong>peccatoris</strong></span> <span class='ocrx_word' id='word_1_86' title='bbox 792 1757 1188 1832; x_wconf 87' lang='lat' dir='ltr'><strong>obsolefieri</strong></span> <span class='ocrx_word' id='word_1_87' title='bbox 1228 1781 1309 1831; x_wconf 88' lang='lat' dir='ltr'><strong>ac</strong></span> <span class='ocrx_word' id='word_1_88' title='bbox 1357 1757 1875 1851; x_wconf 90' lang='lat' dir='ltr'><strong>quodammodo</strong></span> <span class='ocrx_word' id='word_1_89' title='bbox 1908 1759 2269 1851; x_wconf 81' lang='lat' dir='ltr'><strong>profanari,</strong></span> <span class='ocrx_word' id='word_1_90' title='bbox 2309 1758 2523 1831; x_wconf 89' lang='lat' dir='ltr'><strong>sacri-</strong></span> 
     </span>
     <span class='ocr_line' id='line_1_13' title="bbox 355 1879 2525 1974; baseline -0 -23"><span class='ocrx_word' id='word_1_91' title='bbox 355 1881 539 1973; x_wconf 83' lang='lat' dir='ltr'><strong>legio</strong></span> <span class='ocrx_word' id='word_1_92' title='bbox 580 1882 1004 1954; x_wconf 89' lang='lat' dir='ltr'><strong>simillimum</strong></span> <span class='ocrx_word' id='word_1_93' title='bbox 1038 1902 1218 1954; x_wconf 88' lang='lat' dir='ltr'><strong>reor.</strong></span> <span class='ocrx_word' id='word_1_94' title='bbox 1257 1882 1501 1974; x_wconf 89' lang='lat' dir='ltr'><strong>Itaque</strong></span> <span class='ocrx_word' id='word_1_95' title='bbox 1535 1891 1767 1953; x_wconf 88' lang='lat' dir='ltr'><strong>tacere</strong></span> <span class='ocrx_word' id='word_1_96' title='bbox 1799 1879 1938 1952; x_wconf 89' lang='lat' dir='ltr'><strong>iam</strong></span> <span class='ocrx_word' id='word_1_97' title='bbox 1973 1880 2062 1952; x_wconf 90' lang='lat' dir='ltr'><strong>de</strong></span> <span class='ocrx_word' id='word_1_98' title='bbox 2094 1880 2206 1952; x_wconf 90' lang='lat' dir='ltr'><strong>his</strong></span> <span class='ocrx_word' id='word_1_99' title='bbox 2245 1883 2525 1952; x_wconf 91' lang='lat' dir='ltr'><strong>consul-</strong></span> 
     </span>
     <span class='ocr_line' id='line_1_14' title="bbox 357 2000 2521 2097; baseline -0 -23"><span class='ocrx_word' id='word_1_100' title='bbox 357 2002 497 2074; x_wconf 84' lang='lat' dir='ltr'><strong>tius</strong></span> <span class='ocrx_word' id='word_1_101' title='bbox 563 2003 813 2075; x_wconf 82' lang='lat' dir='ltr'><strong>fuerit:</strong></span> <span class='ocrx_word' id='word_1_102' title='bbox 864 2026 1026 2075; x_wconf 90' lang='lat' dir='ltr'><strong>nam</strong></span> <span class='ocrx_word' id='word_1_103' title='bbox 1075 2003 1540 2097; x_wconf 88' lang='lat' dir='ltr'><strong>pretiosarum</strong></span> <span class='ocrx_word' id='word_1_104' title='bbox 1584 2024 1812 2074; x_wconf 87' lang='lat' dir='ltr'><strong>rerum</strong></span> <span class='ocrx_word' id='word_1_105' title='bbox 1867 2000 2264 2074; x_wconf 79' lang='lat' dir='ltr'><strong>confricatio</strong></span> <span class='ocrx_word' id='word_1_106' title='bbox 2312 2013 2521 2095; x_wconf 90' lang='lat' dir='ltr'><strong>atque</strong></span> 
     </span>
     <span class='ocr_line' id='line_1_15' title="bbox 355 2101 2522 2220; baseline -0.001 -22"><span class='ocrx_word' id='word_1_107' title='bbox 355 2124 622 2198; x_wconf 89' lang='lat' dir='ltr'><strong>collisio</strong></span> <span class='ocrx_word' id='word_1_108' title='bbox 684 2125 1077 2220; x_wconf 88' lang='lat' dir='ltr'><strong>periculosa</strong></span> <span class='ocrx_word' id='word_1_109' title='bbox 1140 2132 1271 2196; x_wconf 90' lang='lat' dir='ltr'><strong>est.</strong></span> <span class='ocrx_word' id='word_1_110' title='bbox 1350 2124 1461 2197; x_wconf 88' lang='lat' dir='ltr'><strong>Ad</strong></span> <span class='ocrx_word' id='word_1_111' title='bbox 1524 2125 1882 2198; x_wconf 83' lang='lat' dir='ltr'><strong>Platonem</strong></span> <span class='ocrx_word' id='word_1_112' title='bbox 1960 2147 2043 2196; x_wconf 88' lang='lat' dir='ltr'><strong>ac</strong></span> <span class='ocrx_word' id='word_1_113' title='bbox 2119 2101 2522 2197; x_wconf 89' lang='lat' dir='ltr'><strong>Ciceronem</strong></span> 
     </span>
     <span class='ocr_line' id='line_1_16' title="bbox 357 2244 2526 2341; baseline 0.001 -25"><span class='ocrx_word' id='word_1_114' title='bbox 357 2256 667 2331; x_wconf 81' lang='lat' dir='ltr'><strong>transe03</strong></span> <span class='ocrx_word' id='word_1_115' title='bbox 692 2268 872 2340; x_wconf 92' lang='lat' dir='ltr'><strong>quos</strong></span> <span class='ocrx_word' id='word_1_116' title='bbox 899 2255 975 2318; x_wconf 89' lang='lat' dir='ltr'><strong>tu</strong></span> <span class='ocrx_word' id='word_1_117' title='bbox 1000 2245 1093 2317; x_wconf 94' lang='lat' dir='ltr'><strong>ob</strong></span> <span class='ocrx_word' id='word_1_118' title='bbox 1116 2246 1297 2318; x_wconf 90' lang='lat' dir='ltr'><strong>duas</strong></span> <span class='ocrx_word' id='word_1_119' title='bbox 1331 2246 1629 2332; x_wconf 82' lang='lat' dir='ltr'><strong>fabulas,</strong></span> <span class='ocrx_word' id='word_1_120' title='bbox 1667 2270 1937 2320; x_wconf 88' lang='lat' dir='ltr'><strong>morum</strong></span> <span class='ocrx_word' id='word_1_121' title='bbox 1971 2245 2282 2320; x_wconf 89' lang='lat' dir='ltr'><strong>doctrina</strong></span> <span class='ocrx_word' id='word_1_122' title='bbox 2315 2256 2388 2317; x_wconf 91' lang='lat' dir='ltr'><strong>et</strong></span> <span class='ocrx_word' id='word_1_123' title='bbox 2424 2244 2526 2341; x_wconf 93' lang='lat' dir='ltr'><strong>(ut</strong></span> 
     </span>
     <span class='ocr_line' id='line_1_17' title="bbox 353 2366 2525 2467; baseline -0.001 -24"><span class='ocrx_word' id='word_1_124' title='bbox 353 2366 447 2443; x_wconf 92' lang='lat' dir='ltr'><strong>de</strong></span> <span class='ocrx_word' id='word_1_125' title='bbox 471 2371 687 2443; x_wconf 89' lang='lat' dir='ltr'><strong>altera</strong></span> <span class='ocrx_word' id='word_1_126' title='bbox 713 2368 1106 2442; x_wconf 88' lang='lat' dir='ltr'><strong>Macrobius</strong></span> <span class='ocrx_word' id='word_1_127' title='bbox 1134 2368 1450 2466; x_wconf 83' lang='lat' dir='ltr'><strong>testatur)</strong></span> <span class='ocrx_word' id='word_1_128' title='bbox 1475 2370 1835 2467; x_wconf 83' lang='lat' dir='ltr'><strong>tripartitae</strong></span> <span class='ocrx_word' id='word_1_129' title='bbox 1859 2369 2318 2466; x_wconf 84' lang='lat' dir='ltr'><strong>philosophiae</strong></span> <span class='ocrx_word' id='word_1_130' title='bbox 2345 2368 2525 2441; x_wconf 89' lang='lat' dir='ltr'><strong>inte-</strong></span> 
     </span>
     <span class='ocr_line' id='line_1_18' title="bbox 358 2492 2525 2587; baseline 0 -25"><span class='ocrx_word' id='word_1_131' title='bbox 358 2492 612 2584; x_wconf 82' lang='lat' dir='ltr'><strong>gritate</strong></span> <span class='ocrx_word' id='word_1_132' title='bbox 633 2494 993 2586; x_wconf 61' lang='lat' dir='ltr'><strong>perfectas</strong></span> <span class='ocrx_word' id='word_1_133' title='bbox 1014 2514 1096 2565; x_wconf 89' lang='lat' dir='ltr'><strong>ac</strong></span> <span class='ocrx_word' id='word_1_134' title='bbox 1123 2494 1359 2587; x_wconf 88' lang='lat' dir='ltr'><strong>procul</strong></span> <span class='ocrx_word' id='word_1_135' title='bbox 1376 2492 1467 2565; x_wconf 88' lang='lat' dir='ltr'><strong>ab</strong></span> <span class='ocrx_word' id='word_1_136' title='bbox 1492 2494 1681 2565; x_wconf 92' lang='lat' dir='ltr'><strong>omni</strong></span> <span class='ocrx_word' id='word_1_137' title='bbox 1705 2502 2084 2565; x_wconf 82' lang='lat' dir='ltr'><strong>metrorum</strong></span> <span class='ocrx_word' id='word_1_138' title='bbox 2099 2495 2259 2585; x_wconf 80' lang='lat' dir='ltr'><strong>lege</strong></span> <span class='ocrx_word' id='word_1_139' title='bbox 2285 2492 2356 2563; x_wconf 94' lang='lat' dir='ltr'><strong>in</strong></span> <span class='ocrx_word' id='word_1_140' title='bbox 2373 2513 2525 2563; x_wconf 90' lang='lat' dir='ltr'><strong>me-</strong></span> 
     </span>
     <span class='ocr_line' id='line_1_19' title="bbox 357 2613 2520 2710; baseline 0 -23"><span class='ocrx_word' id='word_1_141' title='bbox 357 2614 493 2687; x_wconf 92' lang='lat' dir='ltr'><strong>diis</strong></span> <span class='ocrx_word' id='word_1_142' title='bbox 527 2613 825 2708; x_wconf 81' lang='lat' dir='ltr'><strong>politicae</strong></span> <span class='ocrx_word' id='word_1_143' title='bbox 851 2636 933 2687; x_wconf 90' lang='lat' dir='ltr'><strong>ac</strong></span> <span class='ocrx_word' id='word_1_144' title='bbox 957 2637 1189 2686; x_wconf 90' lang='lat' dir='ltr'><strong>rerum</strong></span> <span class='ocrx_word' id='word_1_145' title='bbox 1222 2614 1658 2710; x_wconf 89' lang='lat' dir='ltr'><strong>publicarum</strong></span> <span class='ocrx_word' id='word_1_146' title='bbox 1693 2614 1890 2687; x_wconf 87' lang='lat' dir='ltr'><strong>libris</strong></span> <span class='ocrx_word' id='word_1_147' title='bbox 1924 2615 2244 2702; x_wconf 88' lang='lat' dir='ltr'><strong>insertas,</strong></span> <span class='ocrx_word' id='word_1_148' title='bbox 2275 2630 2520 2710; x_wconf 81' lang='lat' dir='ltr'><strong>poetas</strong></span> 
     </span>
     <span class='ocr_line' id='line_1_20' title="bbox 355 2737 2523 2811; baseline 0.001 -3"><span class='ocrx_word' id='word_1_149' title='bbox 355 2737 586 2809; x_wconf 79' lang='lat' dir='ltr'><strong>facere</strong></span> <span class='ocrx_word' id='word_1_150' title='bbox 625 2738 887 2811; x_wconf 87' lang='lat' dir='ltr'><strong>niteris.</strong></span> <span class='ocrx_word' id='word_1_151' title='bbox 931 2738 1219 2809; x_wconf 87' lang='lat' dir='ltr'><strong>Frustra</strong></span> <span class='ocrx_word' id='word_1_152' title='bbox 1257 2737 1653 2810; x_wconf 86' lang='lat' dir='ltr'><strong>Macrobius</strong></span> <span class='ocrx_word' id='word_1_153' title='bbox 1696 2738 1883 2810; x_wconf 91' lang='lat' dir='ltr'><strong>idem</strong></span> <span class='ocrx_word' id='word_1_154' title='bbox 1932 2738 2177 2810; x_wconf 89' lang='lat' dir='ltr'><strong>ambos</strong></span> <span class='ocrx_word' id='word_1_155' title='bbox 2224 2748 2523 2810; x_wconf 87' lang='lat' dir='ltr'><strong>excusat</strong></span> 
     </span>
     <span class='ocr_line' id='line_1_21' title="bbox 360 2856 2521 2952; baseline 0 -22"><span class='ocrx_word' id='word_1_156' title='bbox 360 2859 709 2931; x_wconf 88' lang='lat' dir='ltr'><strong>adversus</strong></span> <span class='ocrx_word' id='word_1_157' title='bbox 759 2859 1190 2945; x_wconf 88' lang='lat' dir='ltr'><strong>insultantes,</strong></span> <span class='ocrx_word' id='word_1_158' title='bbox 1219 2880 1357 2931; x_wconf 92' lang='lat' dir='ltr'><strong>non</strong></span> <span class='ocrx_word' id='word_1_159' title='bbox 1397 2857 1661 2931; x_wconf 88' lang='lat' dir='ltr'><strong>debere</strong></span> <span class='ocrx_word' id='word_1_160' title='bbox 1694 2858 1997 2931; x_wconf 82' lang='lat' dir='ltr'><strong>fabulam</strong></span> <span class='ocrx_word' id='word_1_161' title='bbox 2030 2879 2073 2929; x_wconf 89' lang='lat' dir='ltr'><strong>a</strong></span> <span class='ocrx_word' id='word_1_162' title='bbox 2105 2856 2521 2952; x_wconf 87' lang='lat' dir='ltr'><strong>philosopho</strong></span> 
     </span>
     <span class='ocr_line' id='line_1_22' title="bbox 360 2978 2521 3073; baseline 0 -23"><span class='ocrx_word' id='word_1_163' title='bbox 360 2978 684 3073; x_wconf 81' lang='lat' dir='ltr'><strong>confingi.</strong></span> <span class='ocrx_word' id='word_1_164' title='bbox 722 2979 876 3072; x_wconf 80' lang='lat' dir='ltr'><strong>Ego</strong></span> <span class='ocrx_word' id='word_1_165' title='bbox 914 2979 1198 3072; x_wconf 89' lang='lat' dir='ltr'><strong>quidem</strong></span> <span class='ocrx_word' id='word_1_166' title='bbox 1245 2980 1586 3072; x_wconf 82' lang='lat' dir='ltr'><strong>gratulor,</strong></span> <span class='ocrx_word' id='word_1_167' title='bbox 1643 2989 1714 3051; x_wconf 92' lang='lat' dir='ltr'><strong>et</strong></span> <span class='ocrx_word' id='word_1_168' title='bbox 1762 2979 1893 3052; x_wconf 90' lang='lat' dir='ltr'><strong>hos</strong></span> <span class='ocrx_word' id='word_1_169' title='bbox 1946 2991 2018 3052; x_wconf 93' lang='lat' dir='ltr'><strong>et</strong></span> <span class='ocrx_word' id='word_1_170' title='bbox 2070 2978 2521 3053; x_wconf 81' lang='lat' dir='ltr'><strong>Aristotelem</strong></span> 
     </span>
     <span class='ocr_line' id='line_1_23' title="bbox 356 3100 2524 3198; baseline 0.001 -27"><span class='ocrx_word' id='word_1_171' title='bbox 356 3108 429 3171; x_wconf 90' lang='lat' dir='ltr'><strong>et</strong></span> <span class='ocrx_word' id='word_1_172' title='bbox 467 3102 799 3175; x_wconf 87' lang='lat' dir='ltr'><strong>Senecam</strong></span> <span class='ocrx_word' id='word_1_173' title='bbox 834 3111 906 3174; x_wconf 91' lang='lat' dir='ltr'><strong>et</strong></span> <span class='ocrx_word' id='word_1_174' title='bbox 935 3101 1320 3176; x_wconf 85' lang='lat' dir='ltr'><strong>Varronem</strong></span> <span class='ocrx_word' id='word_1_175' title='bbox 1358 3102 1444 3198; x_wconf 92' lang='lat' dir='ltr'><strong>(si</strong></span> <span class='ocrx_word' id='word_1_176' title='bbox 1480 3100 1635 3191; x_wconf 88' lang='lat' dir='ltr'><strong>fieri</strong></span> <span class='ocrx_word' id='word_1_177' title='bbox 1666 3102 1917 3198; x_wconf 89' lang='lat' dir='ltr'><strong>possit)</strong></span> <span class='ocrx_word' id='word_1_178' title='bbox 1947 3102 2020 3174; x_wconf 92' lang='lat' dir='ltr'><strong>in</strong></span> <span class='ocrx_word' id='word_1_179' title='bbox 2053 3102 2329 3195; x_wconf 82' lang='lat' dir='ltr'><strong>agmine</strong></span> <span class='ocrx_word' id='word_1_180' title='bbox 2354 3123 2524 3196; x_wconf 90' lang='lat' dir='ltr'><strong>poe-</strong></span> 
     </span>
     <span class='ocr_line' id='line_1_24' title="bbox 359 3206 2523 3320; baseline -0.002 -24"><span class='ocrx_word' id='word_1_181' title='bbox 359 3233 584 3296; x_wconf 90' lang='lat' dir='ltr'><strong>tarum</strong></span> <span class='ocrx_word' id='word_1_182' title='bbox 623 3206 953 3297; x_wconf 87' lang='lat' dir='ltr'><strong>cernere:</strong></span> <span class='ocrx_word' id='word_1_183' title='bbox 987 3225 1181 3320; x_wconf 91' lang='lat' dir='ltr'><strong>quod</strong></span> <span class='ocrx_word' id='word_1_184' title='bbox 1211 3229 1386 3297; x_wconf 82' lang='lat' dir='ltr'><strong>forte</strong></span> <span class='ocrx_word' id='word_1_185' title='bbox 1419 3247 1562 3296; x_wconf 92' lang='lat' dir='ltr'><strong>non</strong></span> <span class='ocrx_word' id='word_1_186' title='bbox 1598 3226 1901 3320; x_wconf 88' lang='lat' dir='ltr'><strong>ineptius</strong></span> <span class='ocrx_word' id='word_1_187' title='bbox 1935 3225 2028 3297; x_wconf 92' lang='lat' dir='ltr'><strong>de</strong></span> <span class='ocrx_word' id='word_1_188' title='bbox 2061 3222 2312 3296; x_wconf 92' lang='lat' dir='ltr'><strong>horum</strong></span> <span class='ocrx_word' id='word_1_189' title='bbox 2347 3241 2523 3315; x_wconf 91' lang='lat' dir='ltr'><strong>quo-</strong></span> 
     </span>
     <span class='ocr_line' id='line_1_25' title="bbox 358 3344 2524 3441; baseline -0.002 -25"><span class='ocrx_word' id='word_1_190' title='bbox 358 3345 550 3431; x_wconf 90' lang='lat' dir='ltr'><strong>libet,</strong></span> <span class='ocrx_word' id='word_1_191' title='bbox 603 3369 815 3440; x_wconf 87' lang='lat' dir='ltr'><strong>quam</strong></span> <span class='ocrx_word' id='word_1_192' title='bbox 864 3348 955 3420; x_wconf 91' lang='lat' dir='ltr'><strong>de</strong></span> <span class='ocrx_word' id='word_1_193' title='bbox 1002 3349 1284 3420; x_wconf 88' lang='lat' dir='ltr'><strong>Platone</strong></span> <span class='ocrx_word' id='word_1_194' title='bbox 1312 3355 1407 3417; x_wconf 88' lang='lat' dir='ltr'><strong>.et</strong></span> <span class='ocrx_word' id='word_1_195' title='bbox 1456 3346 1679 3418; x_wconf 88' lang='lat' dir='ltr'><strong>Tullio</strong></span> <span class='ocrx_word' id='word_1_196' title='bbox 1728 3347 1865 3419; x_wconf 92' lang='lat' dir='ltr'><strong>dici</strong></span> <span class='ocrx_word' id='word_1_197' title='bbox 1913 3354 2175 3441; x_wconf 89' lang='lat' dir='ltr'><strong>posset.</strong></span> <span class='ocrx_word' id='word_1_198' title='bbox 2226 3344 2399 3415; x_wconf 89' lang='lat' dir='ltr'><strong>Nam</strong></span> <span class='ocrx_word' id='word_1_199' title='bbox 2451 3351 2524 3413; x_wconf 88' lang='lat' dir='ltr'><strong>et</strong></span> 
     </span>
     <span class='ocr_line' id='line_1_26' title="bbox 354 3461 2523 3563; baseline -0.003 -24"><span class='ocrx_word' id='word_1_200' title='bbox 354 3466 765 3542; x_wconf 90' lang='lat' dir='ltr'><strong>Aristoteles</strong></span> <span class='ocrx_word' id='word_1_201' title='bbox 790 3469 1131 3563; x_wconf 88' lang='lat' dir='ltr'><strong>poeticam</strong></span> <span class='ocrx_word' id='word_1_202' title='bbox 1158 3469 1248 3541; x_wconf 92' lang='lat' dir='ltr'><strong>de</strong></span> <span class='ocrx_word' id='word_1_203' title='bbox 1268 3468 1512 3563; x_wconf 82' lang='lat' dir='ltr'><strong>poetiS,</strong></span> <span class='ocrx_word' id='word_1_204' title='bbox 1542 3475 1616 3537; x_wconf 92' lang='lat' dir='ltr'><strong>et</strong></span> <span class='ocrx_word' id='word_1_205' title='bbox 1637 3468 1862 3539; x_wconf 89' lang='lat' dir='ltr'><strong>Varro</strong></span> <span class='ocrx_word' id='word_1_206' title='bbox 1888 3478 2281 3562; x_wconf 72' lang='lat' dir='ltr'><strong>satyrarum</strong></span> <span class='ocrx_word' id='word_1_207' title='bbox 2307 3461 2523 3534; x_wconf 86' lang='lat' dir='ltr'><strong>libros</strong></span> 
     </span>
     <span class='ocr_line' id='line_1_27' title="bbox 355 3588 2527 3683; baseline -0.005 -18"><span class='ocrx_word' id='word_1_208' title='bbox 355 3591 592 3665; x_wconf 90' lang='lat' dir='ltr'><strong>edidit.</strong></span> <span class='ocrx_word' id='word_1_209' title='bbox 622 3592 886 3666; x_wconf 90' lang='lat' dir='ltr'><strong>Seneca</strong></span> <span class='ocrx_word' id='word_1_210' title='bbox 924 3601 1187 3677; x_wconf 86' lang='lat' dir='ltr'><strong>autem,</strong></span> <span class='ocrx_word' id='word_1_211' title='bbox 1234 3588 1647 3682; x_wconf 80' lang='lat' dir='ltr'><strong>tragoedias;</strong></span> <span class='ocrx_word' id='word_1_212' title='bbox 1683 3612 1846 3683; x_wconf 85' lang='lat' dir='ltr'><strong>quae</strong></span> <span class='ocrx_word' id='word_1_213' title='bbox 1879 3588 2067 3683; x_wconf 90' lang='lat' dir='ltr'><strong>apud</strong></span> <span class='ocrx_word' id='word_1_214' title='bbox 2090 3595 2330 3680; x_wconf 88' lang='lat' dir='ltr'><strong>poetas</strong></span> <span class='ocrx_word' id='word_1_215' title='bbox 2362 3604 2527 3678; x_wconf 88' lang='lat' dir='ltr'><strong>pro-</strong></span> 
     </span>
     <span class='ocr_line' id='line_1_28' title="bbox 355 3711 2521 3808; baseline -0.004 -24"><span class='ocrx_word' id='word_1_216' title='bbox 355 3714 534 3787; x_wconf 81' lang='lat' dir='ltr'><strong>fecto</strong></span> <span class='ocrx_word' id='word_1_217' title='bbox 582 3718 699 3787; x_wconf 89' lang='lat' dir='ltr'><strong>vel</strong></span> <span class='ocrx_word' id='word_1_218' title='bbox 753 3715 1049 3808; x_wconf 89' lang='lat' dir='ltr'><strong>primum</strong></span> <span class='ocrx_word' id='word_1_219' title='bbox 1100 3714 1217 3786; x_wconf 84' lang='lat' dir='ltr'><strong>vel</strong></span> <span class='ocrx_word' id='word_1_220' title='bbox 1257 3711 1481 3806; x_wconf 90' lang='lat' dir='ltr'><strong>primo</strong></span> <span class='ocrx_word' id='word_1_221' title='bbox 1529 3711 1932 3807; x_wconf 84' lang='lat' dir='ltr'><strong>proximum</strong></span> <span class='ocrx_word' id='word_1_222' title='bbox 1984 3712 2211 3782; x_wconf 90' lang='lat' dir='ltr'><strong>locum</strong></span> <span class='ocrx_word' id='word_1_223' title='bbox 2262 3716 2521 3778; x_wconf 87' lang='lat' dir='ltr'><strong>tenent.</strong></span> 
     </span>
     <span class='ocr_line' id='line_1_29' title="bbox 356 3828 2528 3931; baseline -0.005 -23"><span class='ocrx_word' id='word_1_224' title='bbox 356 3836 497 3909; x_wconf 92' lang='lat' dir='ltr'><strong>Sed</strong></span> <span class='ocrx_word' id='word_1_225' title='bbox 539 3859 681 3923; x_wconf 89' lang='lat' dir='ltr'><strong>cur,</strong></span> <span class='ocrx_word' id='word_1_226' title='bbox 719 3858 983 3931; x_wconf 83' lang='lat' dir='ltr'><strong>quaeso,</strong></span> <span class='ocrx_word' id='word_1_227' title='bbox 1019 3857 1161 3908; x_wconf 92' lang='lat' dir='ltr'><strong>non</strong></span> <span class='ocrx_word' id='word_1_228' title='bbox 1184 3845 1258 3907; x_wconf 90' lang='lat' dir='ltr'><strong>et</strong></span> <span class='ocrx_word' id='word_1_229' title='bbox 1296 3834 1667 3907; x_wconf 86' lang='lat' dir='ltr'><strong>histriones</strong></span> <span class='ocrx_word' id='word_1_230' title='bbox 1718 3833 1985 3917; x_wconf 81' lang='lat' dir='ltr'><strong>fecisti3</strong></span> <span class='ocrx_word' id='word_1_231' title='bbox 2023 3829 2350 3925; x_wconf 91' lang='lat' dir='ltr'><strong>quoniam</strong></span> <span class='ocrx_word' id='word_1_232' title='bbox 2401 3828 2528 3898; x_wconf 88' lang='lat' dir='ltr'><strong>ali-</strong></span> 
     </span>
     <span class='ocr_line' id='line_1_30' title="bbox 356 3953 2525 4051; baseline -0.004 -22"><span class='ocrx_word' id='word_1_233' title='bbox 356 3957 528 4051; x_wconf 90' lang='lat' dir='ltr'><strong>quid</strong></span> <span class='ocrx_word' id='word_1_234' title='bbox 590 3960 827 4032; x_wconf 81' lang='lat' dir='ltr'><strong>forsan</strong></span> <span class='ocrx_word' id='word_1_235' title='bbox 876 3959 949 4032; x_wconf 92' lang='lat' dir='ltr'><strong>in</strong></span> <span class='ocrx_word' id='word_1_236' title='bbox 998 3958 1145 4031; x_wconf 84' lang='lat' dir='ltr'><strong>vita</strong></span> <span class='ocrx_word' id='word_1_237' title='bbox 1196 3957 1537 4030; x_wconf 88' lang='lat' dir='ltr'><strong>ludicrum</strong></span> <span class='ocrx_word' id='word_1_238' title='bbox 1588 3956 1924 4029; x_wconf 82' lang='lat' dir='ltr'><strong>dixerunt</strong></span> <span class='ocrx_word' id='word_1_239' title='bbox 1985 3962 2108 4026; x_wconf 91' lang='lat' dir='ltr'><strong>aut</strong></span> <span class='ocrx_word' id='word_1_240' title='bbox 2170 3953 2525 4025; x_wconf 76' lang='lat' dir='ltr'><strong>fecerunt?</strong></span> 
     </span>
     <span class='ocr_line' id='line_1_31' title="bbox 354 4077 2527 4173; baseline -0.003 -21"><span class='ocrx_word' id='word_1_241' title='bbox 354 4081 748 4173; x_wconf 71' lang='lat' dir='ltr'><strong>praesertim</strong></span> <span class='ocrx_word' id='word_1_242' title='bbox 782 4080 1067 4167; x_wconf 88' lang='lat' dir='ltr'><strong>Tullius,</strong></span> <span class='ocrx_word' id='word_1_243' title='bbox 1097 4080 1298 4152; x_wconf 87' lang='lat' dir='ltr'><strong>cuius</strong></span> <span class='ocrx_word' id='word_1_244' title='bbox 1334 4090 1476 4151; x_wconf 87' lang='lat' dir='ltr'><strong>tam</strong></span> <span class='ocrx_word' id='word_1_245' title='bbox 1510 4080 1729 4152; x_wconf 89' lang='lat' dir='ltr'><strong>multa</strong></span> <span class='ocrx_word' id='word_1_246' title='bbox 1751 4098 1915 4173; x_wconf 83' lang='lat' dir='ltr'><strong>quae</strong></span> <span class='ocrx_word' id='word_1_247' title='bbox 1942 4077 2159 4150; x_wconf 88' lang='lat' dir='ltr'><strong>risum</strong></span> <span class='ocrx_word' id='word_1_248' title='bbox 2195 4084 2527 4148; x_wconf 85' lang='lat' dir='ltr'><strong>moveant</strong></span> 
     </span>
     <span class='ocr_line' id='line_1_32' title="bbox 358 4186 2524 4298; baseline -0.002 -25"><span class='ocrx_word' id='word_1_249' title='bbox 358 4202 615 4298; x_wconf 90' lang='lat' dir='ltr'><strong>scripta</strong></span> <span class='ocrx_word' id='word_1_250' title='bbox 654 4214 822 4279; x_wconf 90' lang='lat' dir='ltr'><strong>sunt</strong></span> <span class='ocrx_word' id='word_1_251' title='bbox 857 4204 929 4275; x_wconf 93' lang='lat' dir='ltr'><strong>in</strong></span> <span class='ocrx_word' id='word_1_252' title='bbox 969 4186 1481 4287; x_wconf 84' lang='lat' dir='ltr'><strong>Saturnalibus,</strong></span> <span class='ocrx_word' id='word_1_253' title='bbox 1518 4225 1680 4276; x_wconf 90' lang='lat' dir='ltr'><strong>cum</strong></span> <span class='ocrx_word' id='word_1_254' title='bbox 1721 4211 1794 4275; x_wconf 93' lang='lat' dir='ltr'><strong>et</strong></span> <span class='ocrx_word' id='word_1_255' title='bbox 1835 4199 1995 4275; x_wconf 88' lang='lat' dir='ltr'><strong>Tiro</strong></span> <span class='ocrx_word' id='word_1_256' title='bbox 2032 4199 2322 4274; x_wconf 91' lang='lat' dir='ltr'><strong>libertus</strong></span> <span class='ocrx_word' id='word_1_257' title='bbox 2370 4197 2524 4269; x_wconf 85' lang='lat' dir='ltr'><strong>eius</strong></span> 
     </span>
    </p>
   </div>
  </div>
 </body>
</html>
