3104 4805
899 433 1104 511 tmssn·
1128 432 1454 481 snm-mus.
1480 450 1560 463 —
1578 431 1883 480 srlsrotA
1926 433 1965 479 ῐ.
2389 417 2499 477 357

360 588 762 670 opportuno.
791 578 891 647 Tu
919 576 1257 670 quidquid
1289 574 1556 648 consilii
1591 572 1881 666 ceperiS,
1928 572 2015 644 ad
2055 574 2313 644 felicem
2356 574 2509 644 exi-

363 712 506 771 tum
547 700 730 771 Deus
772 702 1086 795 applicet.
1129 702 1280 792 Ego
1321 697 1594 768 interim
1636 695 1897 767 utinam
1932 697 2104 765 falsa
2144 696 2503 778 timuerim,

362 831 432 894 et
492 821 835 909 absentia,
908 824 1098 917 quod
1160 821 1570 893 naturaliter
1639 822 1836 903 solet,
1899 826 2162 888 metum
2236 820 2511 890 auxerit

362 946 678 1017 amantis.
719 944 1014 1017 Animus
1048 946 1329 1040 quidem
1373 966 1575 1015 meus
1616 964 1753 1015 non
1785 941 2120 1035 quiescet,
2151 941 2372 1012 donec
2397 942 2511 1010 vel

362 1075 429 1137 te
468 1066 739 1151 videro,
786 1069 898 1139 vel
932 1090 1056 1161 per
1090 1067 1353 1139 litteras
1396 1085 1757 1160 accepero,
1805 1064 2078 1134 salvum
2121 1083 2215 1132 ex
2252 1069 2513 1153 tempe-

364 1189 658 1260 statibus
693 1201 1036 1262 enatasse.
1084 1192 1275 1262 Vale.

643 1340 722 1395 111
753 1340 884 1397 Idus
912 1341 1274 1414 Septembris,

1208 1682 1562 1748 EPISTOLA
1606 1682 1668 1745 11.

823 1885 1205 1935 FRANCISCUS
1247 1884 1585 1934 PETRARCA
1628 1884 1711 1931 AD
1754 1883 2054 1932 IGNOTUM.

399 2056 478 2110 De
505 2061 682 2110 status
708 2054 1016 2109 humilitate
1044 2053 1220 2125 deque
1247 2051 1572 2108 admiranda
1599 2051 1892 2107 Chistianae
1915 2051 2044 2106 fidei
2073 2054 2483 2125 propagatione.

557 2285 727 2370 Noli,
758 2285 1064 2370 obsecr0,
1094 2287 1389 2357 amicum
1421 2286 1581 2357 ideo
1609 2266 1968 2379 spernere,
2000 2285 2163 2378 quia
2199 2283 2515 2366 humilis;

363 2432 450 2481 ne
512 2409 902 2482 contrarius
967 2407 1096 2480 fias
1155 2409 1339 2482 dicto
1405 2408 1888 2503 irrefragabili,
1958 2431 2099 2504 quo
2164 2410 2518 2481 humilitas

362 2533 734 2604 exaltanda
759 2533 1194 2625 promittitur.
1231 2533 1413 2604 Vera
1437 2531 1719 2624 quidem
1744 2532 2131 2604 humilitate
2156 2533 2247 2602 nil
2286 2532 2516 2602 minus

362 2654 898 2748 contemptibile,
928 2655 1019 2726 nil
1057 2649 1292 2727 'minus
1331 2676 1502 2728 vera
1545 2655 1870 2749 superbia
1910 2655 2411 2726 venerandum.
2441 2653 2519 2723 In

363 2777 779 2851 discretione
821 2787 1049 2850 tamen
1091 2778 1299 2851 huius
1336 2778 1464 2863 rei,
1507 2789 1578 2851 et
1619 2778 1907 2850 aliarum
1952 2798 2230 2871 quoque
2264 2778 2515 2848 multa-

363 2924 535 2984 rum,
579 2900 894 2973 fallimur.
937 2900 1128 2972 Viles
1168 2900 1352 2972 enim
1396 2899 1818 2993 timidosque
1850 2909 1922 2970 et
1957 2897 2261 2971 abiectos
2290 2897 2520 2970 bumi-

364 3024 465 3094 les
479 3044 834 3105 vocamuS,
853 3024 1336 3114 magnanimos
1362 3031 1595 3094 autem
1626 3020 2254 3115 superbos.Contra
2281 3033 2513 3093 autem

362 3165 569 3216 veros
593 3145 890 3215 humiles
918 3145 1092 3216 falso
1117 3146 1380 3217 credita
1405 3142 1968 3237 pusillanimitate
1981 3142 2516 3213 contemnimus:

362 3261 737 3334 insolentes
777 3285 946 3334 vero
984 3286 1111 3335 ceu
1157 3286 1325 3334 vere
1376 3262 1856 3354 magnanimos
1900 3285 2337 3333 veneramur.
2375 3261 2521 3332 Sci-

367 3392 653 3475 tumque
692 3395 805 3454 est
852 3384 1016 3455 illud
1069 3385 1345 3455 Catonis
1398 3382 1686 3454 iunioris
1735 3405 1776 3454 a
1817 3383 2141 3453 Sallustio
2180 3385 2516 3454 relatum:

379 3503 545 3574 Vera
569 3526 793 3573 rerum
828 3506 1143 3575 vocabula
1174 3506 1309 3573 iam
1347 3501 1602 3595 pridem
1636 3504 1993 3572 amisimus,
2024 3505 2091 3574 Si
2120 3505 2330 3596 igitur
2353 3528 2518 3577 con-

370 3634 510 3696 stat
556 3626 644 3698 de
693 3646 797 3708 re,
853 3625 1290 3719 amicumque
1341 3624 1491 3709 tibi,
1547 3636 1625 3696 ut
1674 3634 1806 3710 est,
1862 3625 2192 3698 humilem
2250 3629 2515 3712 fateriS,

367 3748 560 3833 vide,
599 3768 871 3841 quaeso,
902 3770 991 3819 ne
1016 3748 1497 3834 humilitatem,
1527 3748 1936 3822 altissimam
1962 3751 2293 3822 virtutem
2321 3753 2518 3823 Chri-

370 3879 618 3962 stoque
643 3869 1128 3960 gratissimam,
1166 3869 1601 3965 despexeris,
1631 3895 1742 3956 ne,
1780 3873 1968 3967 quod
2009 3897 2360 3967 nunquam
2388 3876 2518 3947 fui-

370 3992 486 4077 sti,
534 3992 922 4086 importune
970 4002 1043 4065 et
1079 3993 1318 4065 odiose
1360 3994 1709 4087 superbus
1751 3995 2073 4069 videaris,
2118 3996 2288 4081 Quis
2330 4000 2516 4070 enim

369 4117 481 4185 vel
511 4113 879 4187 mediocris
910 4115 1191 4208 ingenii,
1221 4117 1338 4211 qui
1366 4127 1837 4213 utrarumque,
1869 4129 2217 4193 sacrarum
2257 4122 2517 4194 scilicet

366 4259 449 4309 ac
484 4239 922 4311 saecularium
962 4239 1746 4332 scripturarumseriem
1783 4242 2054 4336 legerit,
2091 4267 2229 4318 non
2264 4245 2515 4318 adver-
