3104 4805
578 375 652 436 52
1246 387 1326 435 nr:
1369 387 1567 435 annus
1611 386 2052 437 rAmmAmaus

580 542 849 624 tempus
884 554 1019 604 non
1058 540 1319 603 tantum
1361 530 1693 602 mutando
1723 533 2133 624 corpusculo
2168 533 2476 605 mortalis
2501 534 2726 605 homi-

578 656 713 739 niS,
760 655 883 728 sed
929 654 1323 726 evertendis
1376 652 1684 747 imperiis
1726 664 1934 746 atque
1983 653 2276 726 urbibus
2328 656 2465 727 late
2514 667 2719 750 patet.

570 780 775 850 Ludo
810 788 1036 849 tecum
1074 776 1177 871 (ut
1206 774 1458 869 vides).
1495 777 1795 868 Magnus
1822 778 2168 849 interdum
2203 778 2429 864 dolor,
2467 780 2586 850 ubi
2624 783 2721 852 la-

578 910 809 971 menta
840 898 1207 983 defuerint,
1244 897 1316 968 in
1351 898 1537 969 iocos
1573 898 1882 970 vertitur.
1926 900 2164 971 Omnis
2198 901 2478 993 quidem
2527 903 2676 974 dies
2703 959 2719 987 ,

579 1024 817 1108 fateor,
855 1021 1116 1114 gradus
1150 1030 1261 1091 est
1292 1020 1383 1091 ad
1422 1031 1745 1107 mortem,
1780 1033 1851 1093 et
1883 1022 2240 1114 vagientes
2267 1024 2337 1096 in
2362 1026 2722 1098 cunabulis

581 1145 875 1216 infantes
923 1143 1299 1216 crescendo
1347 1142 1603 1234 pariter
1643 1156 2032 1216 senescunt.
2073 1146 2314 1239 Neque
2361 1157 2590 1219 tamen
2639 1170 2724 1219 ea

582 1281 756 1341 aetas
813 1279 923 1340 est
978 1266 1146 1338 mihi
1182 1322 1196 1351 ‚
1260 1284 1421 1359 quae
1479 1269 1790 1339 naturale
1864 1268 2351 1340 detrimentum
2431 1271 2718 1356 sentiat,

581 1391 837 1485 quippe
901 1412 1062 1483 quae
1125 1389 1431 1462 nondum
1500 1390 1702 1482 plena
1764 1400 1894 1462 est.
1958 1391 2195 1485 Itaque
2249 1392 2721 1463 crescentibus

586 1513 814 1593 adhuc
845 1512 1043 1582 annis
1076 1510 1443 1604 provehor,
1488 1491 1844 1604 multoque
1892 1522 1962 1583 et
2011 1511 2338 1585 membris
2387 1523 2455 1584 et
2493 1514 2723 1585 animo

586 1635 878 1707 validior
910 1634 981 1708 in
1015 1633 1163 1707 dies
1199 1632 1320 1707 fio:
1355 1634 1679 1727 quamvis
1714 1656 1853 1706 non
1910 1634 2223 1726 ignorem
2263 1636 2431 1728 quid
2481 1658 2728 1729 seque-

588 1769 718 1830 tur.
752 1758 991 1831 Viator
1021 1758 1202 1830 enim
1237 1780 1376 1852 quo
1410 1756 1615 1829 altius
1650 1756 1982 1840 ascendit,
2036 1779 2120 1828 eo
2168 1758 2538 1829 descensui
2570 1781 2729 1851 pro-

588 1879 841 1951 ximior
874 1878 972 1965 fit,
1007 1889 1077 1952 et
1107 1879 1195 1975 (si
1217 1879 1353 1951 dici
1379 1882 1483 1950 fas
1510 1876 1726 1971 esset)
1755 1877 2264 1970 quodammodo
2289 1880 2728 1952 ascendendo

587 2003 968 2077 descendit.
1020 2006 1212 2076 Idem
1262 2002 1430 2074 mihi
1490 2002 1757 2076 accidit.
1803 2002 2082 2075 Interim
2134 2012 2365 2074 tamen
2406 2005 2726 2076 ascendo,

589 2129 763 2212 Quae
798 2151 953 2201 cum
989 2127 1084 2197 ita
1118 2126 1278 2208 sint,
1317 2124 1637 2196 idoneam
1665 2126 1823 2198 facti
1858 2126 1956 2198 tui
1980 2149 2261 2199 cansam
2288 2129 2462 2198 forte
2500 2138 2568 2198 tu
2608 2149 2732 2198 no-

576 2250 806 2331 .veris;
844 2269 977 2339 ego
1009 2268 1162 2317 eam
1194 2244 1731 2337 palpitabundus
1766 2248 2063 2341 inquiro,
2119 2273 2246 2322 nec
2293 2250 2590 2322 invenio.
2643 2250 2732 2320 Et

591 2375 724 2445 hoc
754 2393 894 2444 uno
917 2370 1027 2440 vel
1048 2365 1355 2439 maxime
1381 2390 1617 2441 amare
1639 2389 1752 2440 me
1784 2368 2121 2462 intelligo:
2149 2374 2337 2463 quod
2363 2374 2732 2446 amantium

592 2514 743 2564 mos
777 2502 888 2562 est
917 2491 1156 2585 primis
1189 2490 1473 2582 quidem
1506 2491 2002 2565 offensionibus
2053 2497 2345 2566 moveri:
2385 2519 2572 2582 mox,
2616 2496 2735 2568 ubi

592 2613 936 2684 flammam
970 2611 1382 2702 extinguere
1415 2634 1551 2685 non
1585 2614 1806 2701 datur,
1837 2616 1927 2687 ad
1953 2620 2477 2690 excusationum
2518 2620 2738 2691 medi-

594 2745 907 2808 camenta
944 2737 1348 2826 confugere,
1393 2746 1465 2807 et
1499 2734 1689 2828 quod
1730 2738 1956 2807 acrius
2007 2739 2258 2807 factum
2309 2739 2564 2822 dolent,
2619 2743 2736 2809 vel

595 2881 1029 2952 nequaquam
1055 2859 1327 2943 factum,
1359 2856 1419 2928 si
1446 2857 1669 2938 liceat,
1709 2858 1825 2926 vel
1860 2854 2039 2926 bono
2072 2857 2302 2927 animo
2340 2859 2592 2927 factum
2626 2858 2735 2928 di—

596 3005 776 3054 cere.
812 2984 953 3053 Hoc
984 2979 1194 3072 igitur
1226 3002 1358 3072 ago
1393 2979 1453 3051 si
1486 2999 1798 3072 possum,
1835 2988 1912 3048 ut
1943 2976 2093 3047 iure
2116 2976 2439 3049 desertus
2467 2976 2729 3049 videar.

596 3104 798 3188 Quod
831 3103 1091 3175 utinam
1125 3102 1292 3173 mihi
1325 3102 1804 3194 persuadeam.
1831 3101 1922 3171 Et
1951 3101 2254 3193 profecto
2286 3098 2436 3172 fieri
2465 3110 2730 3194 posset,

598 3237 674 3298 ut
708 3237 783 3297 tu
816 3248 945 3296 nec
967 3226 1456 3319 profectionem
1482 3246 1709 3296 meam
1735 3222 2070 3317 impedire
2091 3224 2423 3310 volueriS,
2460 3247 2737 3319 nec-po-

601 3348 817 3424 tueris
850 3348 1151 3419 reditum
1200 3358 1597 3442 expectare3
1633 3357 1705 3418 et
1736 3370 1896 3419 cum
1945 3370 2058 3418 me
2105 3348 2195 3420 ab
2244 3350 2570 3442 amplexu
2622 3360 2739 3423 tuo

603 3472 1069 3565 lacrimantem
1104 3471 1485 3543 dimitteres
1500 3528 1516 3557 ,
1554 3491 1812 3544 novam
1840 3470 2008 3543 mihi
2035 3472 2353 3564 gemendi
2388 3474 2740 3545 materiam

602 3599 949 3671 inculcare
987 3596 1313 3667 nolueris.
1361 3596 1623 3667 Vellem
1675 3594 2141 3668 inclementior
2187 3595 2474 3680 fuisses3
2525 3597 2741 3689 pietas

604 3723 788 3794 enim
825 3733 943 3794 tua
974 3720 1045 3791 in
1079 3718 1495 3792 contrarium
1530 3741 1741 3791 versa
1771 3729 1901 3790 est.
1938 3718 2379 3811 Inexpectato
2412 3718 2507 3789 nil
2546 3719 2744 3791 hoste

610 3844 994 3929 nocentiuS,
1022 3853 1092 3913 et
1115 3842 1601 3934 intempestiva
1631 3840 1959 3935 quaelibet
1992 3841 2315 3932 graviora
2340 3852 2522 3912 sunt.
2551 3840 2743 3912 Unde

612 3959 672 4030 si
708 3960 973 4054 absque
1005 3963 1282 4036 fletibus
1316 3985 1479 4035 esse
1510 3984 1649 4034 non
1684 3973 2019 4056 poteram,
2048 3963 2299 4034 melius
2325 3974 2487 4034 tunc
2508 3961 2745 4032 flevis-

617 4106 793 4156 sem:
830 4087 1156 4179 quoniam
1189 4099 1434 4162 natura
1484 4088 1616 4159 hoc
1663 4087 1902 4172 habet,
1956 4098 2034 4159 ut
2065 4065 2477 4160 'abeuntium
2516 4084 2742 4176 potius

614 4233 825 4303 quam
859 4211 1295 4284 redeuntium
1322 4211 1607 4286 comites
1644 4211 1958 4284 lacrimas
1992 4211 2375 4284 videamus.
2421 4209 2549 4294 Tu,
2589 4230 2744 4301 pre-
