3104 4805
885 386 1071 435 meaa
1114 385 1869 452 SEPTIMUS.—EPISTOLA
1913 390 1952 436 1.
2377 375 2498 437 355

341 538 700 633 plectimur
749 532 1014 603 alienis.
1070 534 1207 603 Sed
1260 530 1444 603 absit
1494 544 1568 602 ut
1619 531 1833 603 Italiae
1882 541 2213 617 metuam,
2269 555 2310 603 a
2361 555 2497 627 qua

342 660 636 731 rebelles
668 657 899 753 potius
933 657 1121 750 quod
1149 665 1461 726 metuant
1484 652 1873 736 habebunt,
1905 653 2073 724 dum
2101 676 2318 747 nuper
2344 655 2498 726 urbi

343 777 605 848 reddita
656 784 965 870 potestas
1018 772 1379 844 tribunicia
1436 771 1729 863 vigebit,
1785 779 1858 841 et
1896 780 2102 863 caput
2153 783 2494 859 nostrum,

343 903 581 984 Roma,
627 921 761 969 non
804 896 1190 989 aegrotabit.
1234 897 1406 966 Pars
1446 895 1665 965 Italiae
1719 894 2061 966 solicitum
2104 893 2345 966 habet:
2390 897 2498 968 illa

345 1022 665 1093 videlicet
697 1043 857 1113 quae
899 1021 1057 1091 olim
1111 1022 1362 1111 Magna
1409 1018 1673 1089 Graecia
1724 1016 2132 1089 dicebatur:
2185 1019 2496 1103 BrutiuS,

344 1145 656 1229 Calaber,
704 1154 912 1238 atque
947 1142 1241 1236 Apulus,
1280 1165 1462 1213 nunc
1495 1142 1789 1213 Laboris
1830 1142 2052 1234 regio,
2098 1152 2304 1235 atque
2341 1142 2501 1213 olim

341 1276 737 1362 praepotens
778 1268 1039 1363 Capua,
1086 1289 1269 1338 nunc
1309 1267 1550 1358 regina
1587 1265 1857 1337 urbium
1909 1265 2362 1359 Parthenope.
2425 1267 2500 1335 In

343 1391 470 1461 has
536 1401 757 1463 terras
817 1391 1331 1464 amoenissimas
1397 1388 1488 1461 ab
1537 1389 1942 1485 asperrimis
1989 1389 2281 1460 Danubii
2333 1390 2501 1486 ripis

341 1534 654 1609 praeceps
696 1515 832 1585 ruit
870 1514 1252 1598 exercitus3
1289 1523 1361 1586 et
1392 1513 1548 1586 coeli
1583 1512 1799 1585 nostri
1829 1513 2267 1584 serenitatem
2293 1513 2499 1586 foedis

343 1635 645 1708 nubibus
721 1637 1013 1709 involvit
1089 1635 1180 1708 ab
1237 1635 1582 1729 Aquilone
1645 1636 1879 1707 oriens
1936 1638 2275 1730 procella;
2338 1657 2499 1730 quae

345 1780 594 1830 vereor
619 1781 724 1844 ne,
756 1760 924 1831 dum
974 1781 1390 1852 responsum
1434 1769 1631 1830 tuum
1673 1759 2012 1853 opperior,
2041 1780 2200 1828 cum
2242 1760 2499 1850 ingenti

342 1884 615 1973 fragore
637 1881 1050 1954 detonuerit.
1080 1883 1191 1953 Sic
1215 1882 1448 1954 omnia
1488 1883 1625 1953 iam
1669 1881 1738 1950 in
1778 1890 2172 1951 extremum
2201 1880 2500 1953 adducta

346 2005 755 2074 referuntur.
784 2006 926 2075 Iam
956 2007 1377 2089 Sulmonem,
1419 2004 1643 2106 primo
1668 2002 1827 2074 belli
1857 2003 2114 2097 impetu
2141 2006 2495 2087 calcatum,

347 2126 412 2195 in
440 2126 769 2197 ditionem
798 2126 1103 2198 hostium
1146 2127 1584 2220 pervenisse,
1622 2129 1806 2199 fama
1846 2135 1976 2197 est.
2018 2128 2167 2196 Heu
2210 2148 2500 2218 genero-

348 2270 502 2321 sum
545 2249 902 2344 oppidum,
952 2259 1136 2321 tuam
1166 2261 1236 2320 et
1259 2250 1555 2321 Nasonis
1597 2251 1912 2345 patriam,
1958 2250 2212 2343 quibus
2262 2272 2503 2343 prose—

341 2395 519 2466 quar
558 2373 877 2445 lamentis
919 2372 1009 2444 ab
1048 2372 1159 2444 his
1203 2373 1406 2447 hodie
1447 2395 1882 2465 possessam,
1928 2374 2109 2444 inter
2158 2393 2336 2468 quos
2385 2371 2500 2444 ille

343 2507 561 2567 morte
602 2499 888 2589 gravius
930 2497 1202 2593 putavit
1237 2497 1521 2568 exilium
1551 2502 1586 2565 ?
1629 2497 1762 2581 Qui
1803 2508 2032 2568 autem
2074 2497 2250 2569 adeo
2292 2497 2502 2568 mise-

344 2619 650 2691 rabiliter
677 2643 812 2693 non
843 2631 978 2692 tam
1022 2621 1108 2691 de
1147 2620 1385 2705 exilio,
1432 2642 1639 2714 quam
1677 2620 1766 2691 de
1799 2623 1948 2690 loco
1980 2619 2171 2690 exilii
2206 2630 2498 2712 questus

342 2753 473 2828 est,
522 2754 597 2815 ut
636 2743 882 2814 librum
928 2767 1064 2816 non
1104 2743 1438 2836 exiguum
1483 2753 1756 2815 texeret
1794 2746 2274 2837 querelarum,
2329 2743 2498 2836 quid

341 2867 651 2938 dicturus
692 2867 967 2951 fuisset,
1008 2865 1066 2937 si
1105 2867 1255 2937 istri
1295 2868 1619 2963 populos,
1664 2877 1734 2937 et
1775 2864 1842 2935 id
1887 2887 2109 2956 genus
2145 2866 2496 2937 hominum

338 2992 488 3085 qui,
540 3015 680 3086 qua
732 3013 958 3085 vagus
1002 2994 1312 3063 Sarmata
1363 3000 1435 3062 et
1484 2992 1875 3062 arcitenens
1928 2990 2165 3073 GeteS‚
2234 2989 2499 3059 nivosis

339 3114 666 3187 oberrant
705 3116 1025 3199 collibuS,
1070 3116 1159 3187 ad
1199 3114 1671 3207 occupandam
1716 3115 1926 3184 armis
1963 3115 2252 3206 patriam
2299 3135 2498 3183 suam

341 3247 675 3309 venturos
717 3240 853 3309 ullo
889 3250 1194 3329 tempore
1231 3237 1700 3329 praevidisset:
1745 3236 1835 3307 ad
1875 3256 2053 3327 quos
2091 3255 2168 3304 se
2195 3234 2497 3305 Caesaris

344 3360 631 3451 imperio
662 3357 1007 3452 proficisci
1051 3367 1190 3428 tam
1233 3353 1480 3449 iniquo
1508 3358 1662 3428 tulit
1702 3349 1961 3441 anime,
2006 3368 2083 3427 ut
2116 3356 2283 3425 nihil
2313 3356 2500 3429 aliud

342 3480 535 3562 llere,
574 3477 744 3547 nihil
783 3476 970 3546 aliud
1011 3475 1397 3569 deprecari,
1437 3477 1602 3545 nihil
1641 3477 1828 3548 aliud
1870 3477 2053 3568 loqui
2094 3479 2376 3568 posset?
2405 3479 2499 3548 Te

344 3621 542 3684 ver0,
581 3601 824 3683 frater,
868 3596 1036 3694 quid
1079 3618 1261 3668 nunc
1292 3597 1521 3669 dicere
1567 3596 1863 3669 arbitrer
1898 3597 2030 3669 ista
2069 3606 2495 3684 cernentem,

343 3742 504 3814 quae
559 3740 691 3792 nec
747 3740 881 3811 ego
931 3718 1303 3812 praesentia
1370 3718 1521 3789 sine
1572 3718 1872 3793 lacrimis
1924 3720 2157 3805 audio,
2211 3741 2340 3791 nec
2386 3721 2497 3792 ille

342 3846 574 3915 futura
616 3843 763 3913 sine
806 3841 1067 3934 gemitu
1118 3841 1556 3933 cogitasset?
1605 3844 1662 3913 Ο
1711 3842 2011 3915 feliciora
2064 3845 2197 3915 iam
2252 3845 2493 3916 saltem

344 3943 854 4038 Nasonis'ossa
908 3973 1198 4034 externa
1251 3965 1490 4037 tellure
1540 3965 1819 4050 obruta,
1873 3988 2080 4058 quam
2147 3966 2204 4037 si
2254 3968 2495 4059 patriae

346 4087 723 4187 pyramidis
765 4088 1026 4164 honore
1067 4088 1362 4174 condita,
1401 4088 1612 4162 huius
1652 4089 1980 4185 temporis
2017 4089 2312 4162 ludibrio
2348 4113 2493 4163 ser-

346 4225 696 4286 varentur.
766 4214 905 4284 Iam
976 4213 1440 4306 tranquilliora
1504 4213 1807 4285 dixerim
1874 4215 2237 4309 sepulchra
2316 4214 2496 4286 inter
