3104 4805
934 387 1119 436 mmm
1167 386 1900 437 ocrAvus.—1·;1›1s·ro1.A
1946 392 2025 438 iv.
2219 447 2232 453 ‚
2436 378 2554 439 4225

396 535 908 628 Aggrediamur
950 531 1180 624 itaque
1222 530 1355 600 iam
1396 530 1700 613 tandem,
1739 541 1808 600 et
1848 533 2235 622 cogitemus
2271 523 2550 617 acriter,

393 682 533 752 quo
576 658 641 727 in
686 666 873 728 statu
916 676 1027 724 res
1070 663 1332 724 nostrae
1376 660 1579 733 sunt3
1633 674 1761 723 nec
1812 661 2075 723 nostrae
2128 656 2350 725 solum
2404 678 2547 739 reS,

395 780 522 850 sed
563 797 1162 870 quorumcumque
1197 774 1611 846 mortalium.
1640 773 1824 857 Quid
1850 773 2065 858 enim,
2103 794 2372 865 quaeso,
2409 779 2552 848 vita

396 903 719 985 bominis,
750 900 882 970 nisi
910 898 1117 972 ssatus
1158 898 1464 989 exiguus
1498 905 1572 966 et
1607 896 1835 967 tenuis
1873 895 2039 967 fumi
2079 899 2353 987 vapor?
2387 898 2553 967 Sen-

304 1113 309 1119 .
398 1027 473 1096 tit
514 1026 582 1094 in
625 1045 703 1094 se
740 1022 1038 1115 quisque
1089 1042 1298 1112 quam
1338 1029 1563 1110 putre,
1603 1040 1810 1110 quam
1863 1016 2126 1101 debile,
2182 1039 2388 1108 quam
2441 1041 2555 1089 ca-

393 1150 648 1221 ducum
689 1166 945 1237 corpus
987 1143 1345 1215 inhabitet.
1391 1143 1530 1214 Sed
1571 1163 1809 1212 errore
1851 1139 1983 1211 iam
2029 1140 2306 1234 publico
2347 1139 2555 1210 dissi-

394 1272 770 1350 mulamuS,
801 1276 871 1336 et
895 1264 1379 1336 imbecillitatis
1416 1273 1677 1334 nostrae
1703 1262 1992 1344 conscii,
2031 1261 2551 1332 diuturnitatem

393 1390 759 1461 aetcrnitati
802 1387 1188 1480 proximam
1231 1387 1481 1481 cupida
1522 1393 1753 1455 mente
1789 1386 2234 1479 concipimus.
2274 1385 2387 1455 Sic
2420 1395 2550 1455 est.

392 1513 608 1582 Nemo
661 1519 773 1580 est
822 1510 940 1602 qui
995 1530 1070 1580 se
1122 1508 1533 1580 moriturum
1576 1506 1856 1578 credat:
1905 1508 2043 1577 imo
2092 1529 2293 1592 vero,
2350 1530 2553 1579 nemo

390 1641 500 1704 est
550 1631 669 1723 qui
711 1653 845 1701 non
893 1654 970 1702 se
1010 1633 1369 1701 mortalem
1422 1630 1636 1713 sciat3
1695 1630 1823 1701 sed
1873 1628 2056 1700 diem
2112 1629 2379 1715 mortis,
2433 1631 2552 1723 qui

392 1758 624 1825 forsan
663 1753 1044 1824 hodiernus
1079 1764 1219 1837 est,
1265 1754 1333 1822 in
1375 1754 1656 1844 longum
1693 1773 1820 1843 pro
1863 1772 1939 1822 se
1973 1750 2271 1843 quisque
2312 1752 2549 1823 reiicit.

395 1878 492 1948 Ita
532 1877 732 1947 cuius
771 1874 1076 1946 maxime
1115 1874 1559 1967 praesentiam
1607 1873 1957 1957 timemuS,
2013 1872 2166 1943 eius
2216 1871 2553 1944 absentiae

395 1999 697 2069 maxime
756 1996 1063 2080 fidimus,
1118 2019 1272 2067 cum
1328 1996 1493 2066 nihil
1548 2003 1687 2066 tam
1740 1994 2067 2085 ambigue
2116 1994 2326 2079 absit,
2382 1996 2546 2066 nibil

394 2130 532 2191 tam
593 2119 825 2190 subito
874 2139 1191 2213 praesens
1244 2116 1385 2188 fiat.
1439 2118 1638 2188 Fallit
1688 2118 1984 2189 miseros
2035 2115 2547 2188 Aristotelicum

392 2243 591 2313 illud:
652 2243 748 2313 ait
801 2241 1018 2313 enim:
1082 2239 1243 2327 Quoe
1296 2243 1485 2329 lonye
1533 2251 1689 2311 sunt
1755 2238 1976 2322 valde,
2031 2261 2166 2308 non
2218 2241 2546 2309 timentur.

400 2361 641 2435 Sciunt
674 2367 850 2435 enim
880 2386 1103 2434 omnes
1134 2360 1306 2454 quod
1343 2364 1743 2445 morientum
1784 2360 1897 2432 sed
1908 2419 1922 2446 ,
1960 2364 2115 2454 quia
2151 2383 2285 2431 non
2311 2384 2546 2455 prope,

393 2488 561 2557 nihil
602 2498 859 2556 curant.
904 2488 1071 2557 Haec
1110 2485 1220 2556 ille
1259 2486 1370 2555 vir
1415 2495 1645 2558 tantus
1690 2487 1758 2555 in
1801 2485 2186 2557 rhetoricis.
2230 2486 2384 2578 Ego
2424 2508 2550 2557 au-

394 2620 527 2680 tom
582 2618 652 2680 et
708 2609 876 2679 nihil
927 2631 1175 2679 curare
1227 2618 1517 2678 mortem
1570 2607 1887 2678 homines
1940 2610 2181 2691 fateor,
2239 2617 2309 2678 et
2358 2629 2545 2689 esse,

390 2755 596 2825 quam
641 2731 825 2803 idem
866 2729 1058 2813 dicit,
1114 2730 1400 2802 incuriae
1450 2752 1736 2801 causam
1779 2752 1917 2801 non
1959 2750 2161 2821 nego,
2213 2729 2351 2800 Sed
2390 2750 2547 2800 eam

390 2852 612 2945 ipsam
634 2855 877 2925 salsam
897 2875 1058 2924 esse
1085 2851 1411 2925 concedo.
1437 2852 1609 2922 Nam
1633 2851 1801 2945 quid
1825 2850 2085 2934 falsius,
2109 2873 2318 2944 quam
2342 2853 2547 2943 longe

389 2977 592 3047 valdo
632 2986 918 3048 mortem
961 2976 1274 3060 credere,
1312 2999 1474 3069 quae
1513 2997 1603 3045 ne
1647 2995 1952 3067 unquam
1990 2976 2193 3064 longe
2230 2974 2341 3057 sit,
2380 2974 2546 3043 vitae

385 3099 697 3172 brevitas
725 3099 911 3170 facit:
944 3108 1017 3169 ut
1053 3120 1330 3192 semper
1365 3098 1788 3193 impendeat,
1823 3117 2173 3190 supraque
2216 3103 2427 3186 caput
2460 3095 2551 3165 sit

387 3221 547 3291 facit
585 3222 1047 3291 humanorum
1090 3241 1380 3290 casuum
1424 3220 1598 3288 mira
1640 3218 1780 3302 vis,
1829 3215 2284 3287 ineluctabilis
2329 3237 2545 3286 even-

391 3351 526 3423 tus,
580 3337 843 3410 infinita
889 3341 1244 3410 varietas?
1285 3339 1468 3407 Nihil
1517 3360 1688 3430 ergo
1729 3337 2052 3407 homines
2094 3345 2386 3407 mortem
2427 3360 2546 3408 cu-

387 3471 582 3531 rant:
638 3483 772 3534 non
826 3461 990 3553 quia
1039 3469 1177 3544 est,
1237 3460 1362 3532 sed
1414 3459 1579 3552 quia
1630 3459 1959 3542 creditur,
2014 3459 2417 3551 longinqua.
2474 3461 2544 3529 Si

385 3582 569 3653 enim
612 3580 867 3653 scirent
906 3604 1114 3674 quam
1156 3602 1373 3676 prope
1415 3591 1527 3654 est
1572 3582 1784 3677 (quod
1820 3580 2218 3652 necessario
2261 3579 2540 3665 scirent,

386 3704 518 3774 nisi
563 3707 739 3774 ultro
780 3705 1017 3775 oculos
1058 3704 1508 3798 averterent),
1566 3712 1735 3798 puto
1786 3706 1899 3775 vel
1954 3702 2197 3772 timere
2250 3709 2539 3771 mortem

388 3825 793 3918 inciperent,
822 3828 936 3896 vel
972 3827 1067 3897 ita
1109 3849 1186 3898 se
1225 3826 1607 3899 virtutibus
1642 3836 2019 3910 armarent,
2067 3833 2142 3895 ut
2180 3846 2366 3908 eam,
2411 3845 2540 3895 ccu

384 3947 688 4018 melioris
741 3949 908 4018 vitae
958 3948 1398 4042 principium,
1454 3949 1704 4020 merito
1763 3972 1902 4021 non
1953 3948 2291 4019 timerent.
2346 3948 2543 4019 Nunc

384 4090 555 4141 vero
619 4093 826 4162 quem
885 4069 1197 4144 invenies
1256 4072 1374 4165 qui
1438 4094 1607 4158 non,
1661 4073 1924 4144 virtute
1975 4064 2542 4162 abiecta,‘longae

387 4192 548 4263 vitae
594 4217 784 4287 spem
826 4194 1154 4286 arripiat?
1204 4197 1377 4278 Quae.
1428 4204 1505 4265 ut
1556 4218 1688 4267 non
1745 4197 1954 4278 sallat,
2010 4204 2080 4265 et
2130 4205 2204 4265 ut
2256 4195 2347 4265 sit
2398 4185 2578 4262 vita'
