3104 4805
546 320 658 381 148
1220 330 1301 376 nn
1347 329 1545 376 annus
1589 327 2030 376 FAMILIARIBUS

542 477 664 547 tibi
739 475 994 546 debere
1056 485 1280 567 poteS‚
1351 474 1545 544 alteri
1611 495 1698 542 ne
1755 470 2038 541 debeas.
2107 468 2359 539 Desine
2427 477 2701 537 tuarum

543 603 813 672 aurium
865 597 1206 693 pruritum
1268 596 1470 668 alieni
1536 595 1876 668 sermonis
1940 591 2290 685 unguibus
2346 592 2697 683 scalpere:

544 720 922 794 levioribus
1001 720 1340 814 scalpellis
1417 720 1603 791 idem
1679 716 2013 811 consequi
2068 737 2206 786 non
2266 712 2700 807 prohiberis:

545 847 755 938 idque
803 844 922 917 fiet
983 844 1376 928 honestius,
1441 865 1653 936 quam
1709 841 1769 913 si
1832 849 2193 912 tractatum
2258 836 2356 908 rei
2416 835 2702 928 grandis

542 978 994 1061 extorqueaS,
1063 965 1154 1038 ad
1219 965 1382 1036 nihil
1436 965 1627 1037 aliud
1675 975 1796 1035 aut
1843 961 2176 1035 annuenti
2228 961 2700 1056 profuturum,

545 1100 666 1186 aunt
711 1090 996 1185 petenti,
1048 1112 1257 1182 quam
1312 1098 1385 1159 ut
1435 1088 1731 1181 legentis
1783 1086 2067 1157 intentio
2126 1083 2388 1179 culpari
2439 1079 2691 1177 possit,

544 1223 615 1283 et
657 1215 792 1284 sint
834 1211 1197 1284 scribentis
1241 1209 1459 1282 verba
1500 1210 1947 1301 contemptui.
1991 1208 2184 1278 Vale.

835 1359 918 1413 Ad
949 1359 1154 1413 fontem
1185 1359 1422 1427 Sorgiae‚
1457 1364 1654 1427 quarto
1686 1356 1869 1410 Nonas
1900 1355 2087 1408 Maias,

1562 1585 1721 1592 -————-

1387 1797 1737 1862 EPISTULA
1787 1795 1871 1858 VI.

621 2010 1005 2062 FRANCISCUS
1044 2005 1376 2056 PETRARGA
1414 1999 1748 2050 STEPHANO
1784 1995 2096 2045 COLUMNAE
2132 1992 2371 2041 IUNIOR!
2407 1993 2455 2038 S.
2494 1992 2548 2038 P.
2587 1992 2647 2038 D.

1052 2199 1346 2250 Summum
1379 2194 1585 2246 bonurn
1618 2194 1673 2246 in
1702 2193 1987 2245 honestate
2019 2188 2205 2241 situm.

748 2442 930 2526 Quid
998 2441 1064 2509 in
1135 2436 1522 2531 quaestione
1577 2434 1925 2528 proposita
1980 2434 2418 2505 sentiendum
2484 2442 2710 2525 puteS‚

558 2570 706 2662 ipse
747 2563 1051 2663 videris:
1096 2584 1226 2632 nec
1268 2569 1473 2643 aetaS‚
1518 2579 1645 2629 nec
1687 2557 2016 2628 librorum
2065 2558 2290 2639 lectio,
2331 2577 2459 2625 nec
2485 2577 2715 2625 rerum

555 2685 986 2783 experientia
1017 2683 1334 2754 defuerit.
1365 2680 1571 2775 Apud
1599 2701 1710 2750 me
1737 2678 2018 2771 quidem
2059 2701 2291 2748 rerum
2331 2698 2465 2747 non
2502 2677 2719 2746 hone-

559 2821 818 2882 starum
871 2809 983 2879 vel
1036 2807 1183 2879 sola
1234 2776 1648 2877 consultatio
1709 2799 1928 2894 turpis
1987 2808 2125 2884 est,
2183 2798 2242 2868 si
2308 2796 2715 2867 sententiam

558 2944 960 3026 extorques.
1005 2929 1206 3001 Absit
1240 2953 1282 3002 a
1315 2950 1454 3012 me,
1502 2948 1640 2995 non
1684 2920 1886 2993 modo
1922 2942 2297 3001 summum,
2339 2917 2465 2987 sed
2509 2915 2716 3008 (quo-

559 3058 743 3128 niam
795 3068 864 3127 et
915 3056 984 3125 in
1033 3056 1166 3126 hac
1217 3053 1534 3146 opinione
1586 3047 1856 3118 Stoicus
1914 3066 2123 3137 quam
2186 3037 2710 3134 PeripateticuS,

558 3180 691 3252 etsi
740 3179 809 3248 in
860 3176 1182 3249 omnibus
1235 3174 1504 3246 Stoicus
1569 3169 1787 3240 multo
1848 3187 2055 3258 quam
2123 3163 2507 3255 Epicureus
2557 3179 2717 3229 esse

563 3301 830 3395 malim)
885 3325 974 3372 ne
1034 3298 1313 3393 aliquod
1378 3294 1657 3389 quidem
1711 3290 1969 3375 honum
2020 3289 2087 3357 in
2140 3286 2425 3369 divitiis,
2482 3294 2600 3354 aut
2650 3283 2719 3351 in

563 3428 919 3520 voluptate
955 3444 1311 3517 reponere.
1355 3414 1732 3489 Commoda
1773 3422 1937 3485 sunt
1968 3412 2153 3495 haec,
2200 3420 2269 3480 et
2309 3406 2721 3479 adminicula

564 3553 731 3623 vitae
781 3546 1134 3627 mortalis;
1183 3544 1415 3635 itaque
1479 3537 1647 3611 illud
1695 3540 2015 3619 fortunae,
2071 3534 2203 3603 hoc
2254 3529 2559 3624 corporis
2600 3527 2740 3621 bo-x

566 3697 732 3744 num
783 3680 1053 3744 vocant.
1097 3670 1364 3739 Bonum
1407 3684 1603 3749 vero,
1655 3658 1843 3755 quod
1892 3656 2303 3751 quaerimuS‚
2374 3652 2441 3721 in
2493 3651 2723 3722 animo

567 3806 705 3879 est,
760 3818 888 3865 nec
927 3791 1195 3885 corpori
1238 3789 1585 3868 serviens,
1640 3806 1768 3857 nec
1808 3783 2121 3852 fortunae.
2173 3778 2439 3848 Caetcra
2488 3773 2724 3846 vocari

497 3960 501 3967 »
569 3918 747 3987 bona
787 3921 1030 3999 fateor,
1079 3914 1204 3987 sed
1244 3936 1382 3985 non
1446 3932 1609 3982 esse
1648 3906 2008 3980 contendo.
2059 3904 2250 3973 Neve
2293 3922 2402 3970 me
2459 3900 2719 3979 forsan,

570 4058 806 4107 errore
847 4039 1146 4131 lapsum,
1209 4045 1410 4130 putes
1487 4033 2006 4105 inadvertentcr
2065 4027 2196 4096 hoc
2262 4023 2514 4093 dicere.
2573 4018 2722 4087 Non

574 4181 729 4230 sum
765 4159 1040 4231 nescius
1081 4158 1249 4250 quid
1283 4159 1371 4230 de
1407 4158 1535 4226 hac
1576 4178 1650 4226 re
1693 4152 2133 4232 Aristoteles,
2177 4145 2346 4239 quid
2380 4142 2723 4236 Epicurus
