<?xml version="1.0" encoding="UTF-8"?>
<!DOCTYPE html PUBLIC "-//W3C//DTD XHTML 1.0 Transitional//EN"
    "http://www.w3.org/TR/xhtml1/DTD/xhtml1-transitional.dtd">
<html xmlns="http://www.w3.org/1999/xhtml" xml:lang="en" lang="en">
 <head>
  <title>
</title>
<meta http-equiv="Content-Type" content="text/html;charset=utf-8" />
  <meta name='ocr-system' content='tesseract 3.04.00' />
  <meta name='ocr-capabilities' content='ocr_page ocr_carea ocr_par ocr_line ocrx_word'/>
</head>
<body>
  <div class='ocr_page' id='page_1' title='image "./epistolaederebu00unkngoog_0025.png"; bbox 0 0 3104 4805; ppageno 0'>
   <div class='ocr_carea' id='block_1_1' title="bbox 1185 324 2516 375">
    <p class='ocr_par' dir='ltr' id='par_1_1' title="bbox 1185 324 2516 375">
     <span class='ocr_line' id='line_1_1' title="bbox 1185 324 2516 375; baseline 0.003 -4"><span class='ocrx_word' id='word_1_1' title='bbox 1185 324 1707 373; x_wconf 76' lang='lat' dir='ltr'><strong>PROLEGOMENON.</strong></span> <span class='ocrx_word' id='word_1_2' title='bbox 2408 330 2516 375; x_wconf 82' lang='lat' dir='ltr'><strong>xm</strong></span> 
     </span>
    </p>
   </div>
   <div class='ocr_carea' id='block_1_2' title="bbox 354 448 2517 2973">
    <p class='ocr_par' dir='ltr' id='par_1_2' title="bbox 354 448 2517 2230">
     <span class='ocr_line' id='line_1_2' title="bbox 354 448 2514 545; baseline 0.001 -17"><span class='ocrx_word' id='word_1_3' title='bbox 354 467 476 528; x_wconf 88' lang='lat' dir='ltr'><strong>bris</strong></span> <span class='ocrx_word' id='word_1_4' title='bbox 522 464 719 542; x_wconf 80' lang='lat' dir='ltr'>XVIII,</span> <span class='ocrx_word' id='word_1_5' title='bbox 779 465 905 529; x_wconf 89' lang='lat' dir='ltr'><strong>XIX</strong></span> <span class='ocrx_word' id='word_1_6' title='bbox 949 470 1007 526; x_wconf 92' lang='lat' dir='ltr'><strong>et</strong></span> <span class='ocrx_word' id='word_1_7' title='bbox 1050 464 1143 527; x_wconf 88' lang='lat' dir='ltr'><strong>XX</strong></span> <span class='ocrx_word' id='word_1_8' title='bbox 1185 448 1387 528; x_wconf 88' lang='lat' dir='ltr'><strong>locum</strong></span> <span class='ocrx_word' id='word_1_9' title='bbox 1437 466 1860 529; x_wconf 77' lang='lat' dir='ltr'>obtinuerant:</span> <span class='ocrx_word' id='word_1_10' title='bbox 1906 466 1967 529; x_wconf 84' lang='lat' dir='ltr'><strong>in</strong></span> <span class='ocrx_word' id='word_1_11' title='bbox 2003 468 2123 545; x_wconf 87' lang='lat' dir='ltr'><strong>xn,</strong></span> <span class='ocrx_word' id='word_1_12' title='bbox 2167 469 2397 533; x_wconf 83' lang='lat' dir='ltr'><strong>litteras</strong></span> <span class='ocrx_word' id='word_1_13' title='bbox 2448 470 2514 532; x_wconf 93' lang='lat' dir='ltr'><strong>li-</strong></span> 
     </span>
     <span class='ocr_line' id='line_1_3' title="bbox 354 572 2514 654; baseline 0.002 -21"><span class='ocrx_word' id='word_1_14' title='bbox 354 573 451 633; x_wconf 88' lang='lat' dir='ltr'><strong>bri</strong></span> <span class='ocrx_word' id='word_1_15' title='bbox 490 572 633 647; x_wconf 82' lang='lat' dir='ltr'>XIII,</span> <span class='ocrx_word' id='word_1_16' title='bbox 677 572 888 635; x_wconf 86' lang='lat' dir='ltr'><strong>tribus</strong></span> <span class='ocrx_word' id='word_1_17' title='bbox 936 578 1135 633; x_wconf 90' lang='lat' dir='ltr'><strong>tamen</strong></span> <span class='ocrx_word' id='word_1_18' title='bbox 1189 572 1537 651; x_wconf 79' lang='lat' dir='ltr'><strong>expunctiS,</strong></span> <span class='ocrx_word' id='word_1_19' title='bbox 1592 572 1815 635; x_wconf 80' lang='lat' dir='ltr'><strong>edidit:</strong></span> <span class='ocrx_word' id='word_1_20' title='bbox 1871 588 1905 634; x_wconf 94' lang='lat' dir='ltr'><strong>e</strong></span> <span class='ocrx_word' id='word_1_21' title='bbox 1958 572 2113 635; x_wconf 90' lang='lat' dir='ltr'><strong>libro</strong></span> <span class='ocrx_word' id='word_1_22' title='bbox 2160 574 2350 650; x_wconf 80' lang='lat' dir='ltr'>XXIII,</span> <span class='ocrx_word' id='word_1_23' title='bbox 2406 576 2514 654; x_wconf 88' lang='lat' dir='ltr'><strong>qui</strong></span> 
     </span>
     <span class='ocr_line' id='line_1_4' title="bbox 358 676 2513 757; baseline 0.002 -19"><span class='ocrx_word' id='word_1_24' title='bbox 358 693 535 739; x_wconf 88' lang='lat' dir='ltr'><strong>unam</strong></span> <span class='ocrx_word' id='word_1_25' title='bbox 567 694 759 757; x_wconf 87' lang='lat' dir='ltr'><strong>supra</strong></span> <span class='ocrx_word' id='word_1_26' title='bbox 796 676 1022 755; x_wconf 84' lang='lat' dir='ltr'><strong>viginti</strong></span> <span class='ocrx_word' id='word_1_27' title='bbox 1052 676 1343 751; x_wconf 89' lang='lat' dir='ltr'><strong>continet,</strong></span> <span class='ocrx_word' id='word_1_28' title='bbox 1380 684 1514 739; x_wconf 85' lang='lat' dir='ltr'><strong>octo</strong></span> <span class='ocrx_word' id='word_1_29' title='bbox 1552 676 1649 740; x_wconf 90' lang='lat' dir='ltr'><strong>ille</strong></span> <span class='ocrx_word' id='word_1_30' title='bbox 1682 683 1917 740; x_wconf 87' lang='lat' dir='ltr'><strong>tantum</strong></span> <span class='ocrx_word' id='word_1_31' title='bbox 1949 679 2174 742; x_wconf 81' lang='lat' dir='ltr'><strong>litteras</strong></span> <span class='ocrx_word' id='word_1_32' title='bbox 2209 681 2513 757; x_wconf 80' lang='lat' dir='ltr'><strong>exhibuit,</strong></span> 
     </span>
     <span class='ocr_line' id='line_1_5' title="bbox 356 782 2513 863; baseline 0.002 -18"><span class='ocrx_word' id='word_1_33' title='bbox 356 790 410 845; x_wconf 87' lang='lat' dir='ltr'><strong>et</strong></span> <span class='ocrx_word' id='word_1_34' title='bbox 446 783 604 845; x_wconf 90' lang='lat' dir='ltr'><strong>libro</strong></span> <span class='ocrx_word' id='word_1_35' title='bbox 650 783 975 863; x_wconf 84' lang='lat' dir='ltr'><strong>adscripsit</strong></span> <span class='ocrx_word' id='word_1_36' title='bbox 1018 782 1132 845; x_wconf 92' lang='lat' dir='ltr'>XIII</span> <span class='ocrx_word' id='word_1_37' title='bbox 1141 806 1160 859; x_wconf 85' lang='lat'>;</span> <span class='ocrx_word' id='word_1_38' title='bbox 1204 783 1443 845; x_wconf 89' lang='lat' dir='ltr'><strong>tandem</strong></span> <span class='ocrx_word' id='word_1_39' title='bbox 1478 783 1648 847; x_wconf 86' lang='lat' dir='ltr'>XXIV</span> <span class='ocrx_word' id='word_1_40' title='bbox 1688 783 1828 845; x_wconf 87' lang='lat' dir='ltr'><strong>libri</strong></span> <span class='ocrx_word' id='word_1_41' title='bbox 1872 800 2058 847; x_wconf 90' lang='lat' dir='ltr'><strong>unam</strong></span> <span class='ocrx_word' id='word_1_42' title='bbox 2096 785 2408 849; x_wconf 84' lang='lat' dir='ltr'><strong>dumtaxat</strong></span> <span class='ocrx_word' id='word_1_43' title='bbox 2453 787 2513 849; x_wconf 90' lang='lat' dir='ltr'><strong>in</strong></span> 
     </span>
     <span class='ocr_line' id='line_1_6' title="bbox 357 888 2517 967; baseline 0.001 -15"><span class='ocrx_word' id='word_1_44' title='bbox 357 906 464 953; x_wconf 86' lang='lat' dir='ltr'><strong>suo</strong></span> <span class='ocrx_word' id='word_1_45' title='bbox 498 890 660 952; x_wconf 88' lang='lat' dir='ltr'><strong>libro</strong></span> <span class='ocrx_word' id='word_1_46' title='bbox 702 888 856 965; x_wconf 86' lang='lat' dir='ltr'>XIV,</span> <span class='ocrx_word' id='word_1_47' title='bbox 903 888 1173 966; x_wconf 84' lang='lat' dir='ltr'><strong>aliasque</strong></span> <span class='ocrx_word' id='word_1_48' title='bbox 1215 888 1422 950; x_wconf 86' lang='lat' dir='ltr'><strong>decem</strong></span> <span class='ocrx_word' id='word_1_49' title='bbox 1464 888 1579 951; x_wconf 93' lang='lat' dir='ltr'><strong>sub</strong></span> <span class='ocrx_word' id='word_1_50' title='bbox 1621 890 1911 967; x_wconf 86' lang='lat' dir='ltr'><strong>singulari</strong></span> <span class='ocrx_word' id='word_1_51' title='bbox 1955 890 2129 951; x_wconf 87' lang='lat' dir='ltr'><strong>titulo</strong></span> <span class='ocrx_word' id='word_1_52' title='bbox 2175 891 2517 955; x_wconf 89' lang='lat' dir='ltr'><strong>litterarum</strong></span> 
     </span>
     <span class='ocr_line' id='line_1_7' title="bbox 358 994 2513 1074; baseline 0 -18"><span class='ocrx_word' id='word_1_53' title='bbox 358 995 454 1057; x_wconf 77' lang='lat' dir='ltr'><strong>Aa</strong></span> <span class='ocrx_word' id='word_1_54' title='bbox 487 996 657 1057; x_wconf 71' lang='lat' dir='ltr'><strong>viras</strong></span> <span class='ocrx_word' id='word_1_55' title='bbox 691 995 968 1057; x_wconf 72' lang='lat' dir='ltr'><strong>illustres</strong></span> <span class='ocrx_word' id='word_1_56' title='bbox 1010 994 1072 1055; x_wconf 91' lang='lat' dir='ltr'><strong>in</strong></span> <span class='ocrx_word' id='word_1_57' title='bbox 1115 995 1312 1057; x_wconf 89' lang='lat' dir='ltr'><strong>lucem</strong></span> <span class='ocrx_word' id='word_1_58' title='bbox 1352 994 1643 1073; x_wconf 87' lang='lat' dir='ltr'><strong>protulit:</strong></span> <span class='ocrx_word' id='word_1_59' title='bbox 1689 1010 1954 1072; x_wconf 90' lang='lat' dir='ltr'><strong>quarum</strong></span> <span class='ocrx_word' id='word_1_60' title='bbox 1997 995 2303 1074; x_wconf 82' lang='lat' dir='ltr'><strong>pleraeque</strong></span> <span class='ocrx_word' id='word_1_61' title='bbox 2343 1001 2401 1058; x_wconf 94' lang='lat' dir='ltr'><strong>et</strong></span> <span class='ocrx_word' id='word_1_62' title='bbox 2455 996 2513 1057; x_wconf 88' lang='lat' dir='ltr'><strong>in</strong></span> 
     </span>
     <span class='ocr_line' id='line_1_8' title="bbox 357 1099 2513 1178; baseline 0 -15"><span class='ocrx_word' id='word_1_63' title='bbox 357 1102 490 1163; x_wconf 83' lang='lat' dir='ltr'><strong>aliis</strong></span> <span class='ocrx_word' id='word_1_64' title='bbox 533 1100 913 1163; x_wconf 87' lang='lat' dir='ltr'><strong>editionibus</strong></span> <span class='ocrx_word' id='word_1_65' title='bbox 946 1100 1164 1162; x_wconf 92' lang='lat' dir='ltr'><strong>eodem</strong></span> <span class='ocrx_word' id='word_1_66' title='bbox 1206 1099 1318 1162; x_wconf 89' lang='lat' dir='ltr'><strong>sub</strong></span> <span class='ocrx_word' id='word_1_67' title='bbox 1361 1099 1536 1160; x_wconf 87' lang='lat' dir='ltr'><strong>titulo</strong></span> <span class='ocrx_word' id='word_1_68' title='bbox 1570 1100 2051 1178; x_wconf 82' lang='lat' dir='ltr'><strong>reperiebantur.</strong></span> <span class='ocrx_word' id='word_1_69' title='bbox 2095 1099 2324 1163; x_wconf 91' lang='lat' dir='ltr'><strong>Desunt</strong></span> <span class='ocrx_word' id='word_1_70' title='bbox 2365 1118 2513 1164; x_wconf 83' lang='lat' dir='ltr'><strong>vero</strong></span> 
     </span>
     <span class='ocr_line' id='line_1_9' title="bbox 358 1204 2515 1285; baseline 0.001 -19"><span class='ocrx_word' id='word_1_71' title='bbox 358 1206 610 1267; x_wconf 87' lang='lat' dir='ltr'><strong>omnino</strong></span> <span class='ocrx_word' id='word_1_72' title='bbox 656 1205 718 1265; x_wconf 92' lang='lat' dir='ltr'><strong>in</strong></span> <span class='ocrx_word' id='word_1_73' title='bbox 761 1205 870 1267; x_wconf 86' lang='lat' dir='ltr'><strong>hac</strong></span> <span class='ocrx_word' id='word_1_74' title='bbox 911 1205 1175 1284; x_wconf 88' lang='lat' dir='ltr'><strong>Crispini</strong></span> <span class='ocrx_word' id='word_1_75' title='bbox 1218 1204 1483 1268; x_wconf 88' lang='lat' dir='ltr'><strong>editione</strong></span> <span class='ocrx_word' id='word_1_76' title='bbox 1535 1210 1660 1267; x_wconf 89' lang='lat' dir='ltr'><strong>tres</strong></span> <span class='ocrx_word' id='word_1_77' title='bbox 1712 1222 1895 1285; x_wconf 91' lang='lat' dir='ltr'><strong>supra</strong></span> <span class='ocrx_word' id='word_1_78' title='bbox 1948 1212 2195 1268; x_wconf 88' lang='lat' dir='ltr'><strong>centum</strong></span> <span class='ocrx_word' id='word_1_79' title='bbox 2248 1206 2515 1285; x_wconf 84' lang='lat' dir='ltr'><strong>epistolae</strong></span> 
     </span>
     <span class='ocr_line' id='line_1_10' title="bbox 359 1309 2511 1391; baseline 0.001 -18"><span class='ocrx_word' id='word_1_80' title='bbox 359 1328 497 1390; x_wconf 82' lang='lat' dir='ltr'><strong>quae</strong></span> <span class='ocrx_word' id='word_1_81' title='bbox 528 1310 710 1373; x_wconf 91' lang='lat' dir='ltr'><strong>libris</strong></span> <span class='ocrx_word' id='word_1_82' title='bbox 732 1310 804 1373; x_wconf 92' lang='lat' dir='ltr'><strong>IX</strong></span> <span class='ocrx_word' id='word_1_83' title='bbox 839 1317 900 1372; x_wconf 89' lang='lat' dir='ltr'><strong>et</strong></span> <span class='ocrx_word' id='word_1_84' title='bbox 933 1311 1325 1389; x_wconf 87' lang='lat' dir='ltr'><strong>sequentibus</strong></span> <span class='ocrx_word' id='word_1_85' title='bbox 1360 1325 1556 1388; x_wconf 86' lang='lat' dir='ltr'><strong>usque</strong></span> <span class='ocrx_word' id='word_1_86' title='bbox 1589 1310 1665 1373; x_wconf 91' lang='lat' dir='ltr'><strong>ad</strong></span> <span class='ocrx_word' id='word_1_87' title='bbox 1696 1309 1863 1374; x_wconf 90' lang='lat' dir='ltr'>XVIII</span> <span class='ocrx_word' id='word_1_88' title='bbox 1884 1310 2511 1391; x_wconf 89' lang='lat' dir='ltr'><strong>comprehenduntur:</strong></span> 
     </span>
     <span class='ocr_line' id='line_1_11' title="bbox 359 1417 2509 1495; baseline -0.001 -15"><span class='ocrx_word' id='word_1_89' title='bbox 359 1418 577 1481; x_wconf 58' lang='lat' dir='ltr'><strong>desunt</strong></span> <span class='ocrx_word' id='word_1_90' title='bbox 619 1418 764 1479; x_wconf 86' lang='lat' dir='ltr'><strong>item</strong></span> <span class='ocrx_word' id='word_1_91' title='bbox 797 1417 933 1480; x_wconf 82' lang='lat' dir='ltr'><strong>aliae</strong></span> <span class='ocrx_word' id='word_1_92' title='bbox 966 1417 1213 1493; x_wconf 83' lang='lat' dir='ltr'><strong>triginta</strong></span> <span class='ocrx_word' id='word_1_93' title='bbox 1247 1417 1307 1478; x_wconf 92' lang='lat' dir='ltr'><strong>in</strong></span> <span class='ocrx_word' id='word_1_94' title='bbox 1351 1423 1618 1495; x_wconf 88' lang='lat' dir='ltr'><strong>quatuor</strong></span> <span class='ocrx_word' id='word_1_95' title='bbox 1659 1418 1984 1495; x_wconf 89' lang='lat' dir='ltr'><strong>postremis</strong></span> <span class='ocrx_word' id='word_1_96' title='bbox 2026 1417 2236 1481; x_wconf 88' lang='lat' dir='ltr'><strong>libris:</strong></span> <span class='ocrx_word' id='word_1_97' title='bbox 2283 1418 2509 1481; x_wconf 89' lang='lat' dir='ltr'><strong>deside·</strong></span> 
     </span>
     <span class='ocr_line' id='line_1_12' title="bbox 361 1521 2513 1602; baseline 0 -16"><span class='ocrx_word' id='word_1_98' title='bbox 361 1530 577 1586; x_wconf 87' lang='lat' dir='ltr'><strong>rantur</strong></span> <span class='ocrx_word' id='word_1_99' title='bbox 621 1524 894 1597; x_wconf 85' lang='lat' dir='ltr'><strong>tandem,</strong></span> <span class='ocrx_word' id='word_1_100' title='bbox 933 1521 1073 1583; x_wconf 85' lang='lat' dir='ltr'><strong>licet</strong></span> <span class='ocrx_word' id='word_1_101' title='bbox 1120 1523 1180 1584; x_wconf 94' lang='lat' dir='ltr'><strong>in</strong></span> <span class='ocrx_word' id='word_1_102' title='bbox 1221 1522 1633 1585; x_wconf 87' lang='lat' dir='ltr'><strong>anterioribus</strong></span> <span class='ocrx_word' id='word_1_103' title='bbox 1684 1522 2055 1585; x_wconf 89' lang='lat' dir='ltr'><strong>editionibus</strong></span> <span class='ocrx_word' id='word_1_104' title='bbox 2106 1529 2406 1602; x_wconf 87' lang='lat' dir='ltr'><strong>prostent,</strong></span> <span class='ocrx_word' id='word_1_105' title='bbox 2453 1525 2513 1586; x_wconf 91' lang='lat' dir='ltr'><strong>in</strong></span> 
     </span>
     <span class='ocr_line' id='line_1_13' title="bbox 356 1624 2512 1703; baseline -0 -11"><span class='ocrx_word' id='word_1_106' title='bbox 356 1630 516 1692; x_wconf 89' lang='lat' dir='ltr'><strong>libro</strong></span> <span class='ocrx_word' id='word_1_107' title='bbox 550 1627 620 1690; x_wconf 87' lang='lat' dir='ltr'>IV</span> <span class='ocrx_word' id='word_1_108' title='bbox 662 1642 769 1690; x_wconf 83' lang='lat' dir='ltr'><strong>sex</strong></span> <span class='ocrx_word' id='word_1_109' title='bbox 809 1628 1027 1690; x_wconf 76' lang='lat' dir='ltr'><strong>litterae</strong></span> <span class='ocrx_word' id='word_1_110' title='bbox 1077 1628 1164 1689; x_wconf 81' lang='lat' dir='ltr'><strong>De</strong></span> <span class='ocrx_word' id='word_1_111' title='bbox 1205 1628 1473 1702; x_wconf 78' lang='lat' dir='ltr'><strong>Laurea,</strong></span> <span class='ocrx_word' id='word_1_112' title='bbox 1521 1632 1581 1688; x_wconf 87' lang='lat' dir='ltr'><strong>et</strong></span> <span class='ocrx_word' id='word_1_113' title='bbox 1626 1625 1686 1687; x_wconf 93' lang='lat' dir='ltr'><strong>in</strong></span> <span class='ocrx_word' id='word_1_114' title='bbox 1728 1624 1773 1687; x_wconf 90' lang='lat' dir='ltr'>V</span> <span class='ocrx_word' id='word_1_115' title='bbox 1818 1626 1914 1688; x_wconf 91' lang='lat' dir='ltr'><strong>illa</strong></span> <span class='ocrx_word' id='word_1_116' title='bbox 1957 1643 2096 1703; x_wconf 83' lang='lat' dir='ltr'><strong>quae</strong></span> <span class='ocrx_word' id='word_1_117' title='bbox 2134 1628 2209 1689; x_wconf 87' lang='lat' dir='ltr'><strong>ad</strong></span> <span class='ocrx_word' id='word_1_118' title='bbox 2249 1627 2512 1691; x_wconf 91' lang='lat' dir='ltr'><strong>Clemen-</strong></span> 
     </span>
     <span class='ocr_line' id='line_1_14' title="bbox 361 1730 2514 1795; baseline 0 0"><span class='ocrx_word' id='word_1_119' title='bbox 361 1740 490 1795; x_wconf 86' lang='lat' dir='ltr'><strong>tem</strong></span> <span class='ocrx_word' id='word_1_120' title='bbox 522 1731 570 1793; x_wconf 94' lang='lat' dir='ltr'>V</span> <span class='ocrx_word' id='word_1_121' title='bbox 602 1731 771 1793; x_wconf 88' lang='lat' dir='ltr'><strong>Pont.</strong></span> <span class='ocrx_word' id='word_1_122' title='bbox 805 1730 959 1793; x_wconf 81' lang='lat' dir='ltr'><strong>Max.</strong></span> <span class='ocrx_word' id='word_1_123' title='bbox 994 1732 1177 1795; x_wconf 87' lang='lat' dir='ltr'><strong>missa</strong></span> <span class='ocrx_word' id='word_1_124' title='bbox 1220 1732 1607 1794; x_wconf 90' lang='lat' dir='ltr'><strong>medicorum</strong></span> <span class='ocrx_word' id='word_1_125' title='bbox 1648 1730 1997 1792; x_wconf 85' lang='lat' dir='ltr'><strong>inimicitias</strong></span> <span class='ocrx_word' id='word_1_126' title='bbox 2037 1733 2270 1794; x_wconf 88' lang='lat' dir='ltr'><strong>auctori</strong></span> <span class='ocrx_word' id='word_1_127' title='bbox 2307 1740 2514 1795; x_wconf 87' lang='lat' dir='ltr'><strong>nostro</strong></span> 
     </span>
     <span class='ocr_line' id='line_1_15' title="bbox 360 1835 2516 1917; baseline 0.002 -20"><span class='ocrx_word' id='word_1_128' title='bbox 360 1836 690 1915; x_wconf 71' lang='lat' dir='ltr'><strong>quaesivit:</strong></span> <span class='ocrx_word' id='word_1_129' title='bbox 745 1835 893 1899; x_wconf 91' lang='lat' dir='ltr'><strong>adeo</strong></span> <span class='ocrx_word' id='word_1_130' title='bbox 937 1841 1005 1896; x_wconf 88' lang='lat' dir='ltr'><strong>ut</strong></span> <span class='ocrx_word' id='word_1_131' title='bbox 1054 1837 1238 1899; x_wconf 88' lang='lat' dir='ltr'><strong>editio</strong></span> <span class='ocrx_word' id='word_1_132' title='bbox 1280 1836 1409 1899; x_wconf 78' lang='lat' dir='ltr'><strong>baec</strong></span> <span class='ocrx_word' id='word_1_133' title='bbox 1451 1835 1738 1899; x_wconf 91' lang='lat' dir='ltr'><strong>omnibus</strong></span> <span class='ocrx_word' id='word_1_134' title='bbox 1779 1836 2135 1915; x_wconf 87' lang='lat' dir='ltr'><strong>locupletior</strong></span> <span class='ocrx_word' id='word_1_135' title='bbox 2187 1837 2516 1917; x_wconf 88' lang='lat' dir='ltr'><strong>eademque</strong></span> 
     </span>
     <span class='ocr_line' id='line_1_16' title="bbox 360 1939 2517 2022; baseline 0.003 -22"><span class='ocrx_word' id='word_1_136' title='bbox 360 1939 707 2015; x_wconf 86' lang='lat' dir='ltr'><strong>rarissima,</strong></span> <span class='ocrx_word' id='word_1_137' title='bbox 766 1946 966 2002; x_wconf 87' lang='lat' dir='ltr'><strong>careat</strong></span> <span class='ocrx_word' id='word_1_138' title='bbox 1025 1942 1216 2005; x_wconf 89' lang='lat' dir='ltr'><strong>adhuc</strong></span> <span class='ocrx_word' id='word_1_139' title='bbox 1280 1942 1398 2003; x_wconf 76' lang='lat'><strong>140</strong></span> <span class='ocrx_word' id='word_1_140' title='bbox 1457 1940 1676 2004; x_wconf 88' lang='lat' dir='ltr'><strong>litteris</strong></span> <span class='ocrx_word' id='word_1_141' title='bbox 1739 1942 1826 2003; x_wconf 87' lang='lat' dir='ltr'><strong>De</strong></span> <span class='ocrx_word' id='word_1_142' title='bbox 1879 1942 2057 2004; x_wconf 81' lang='lat' dir='ltr'><strong>rebus</strong></span> <span class='ocrx_word' id='word_1_143' title='bbox 2107 1943 2517 2022; x_wconf 80' lang='lat' dir='ltr'><strong>familiaribus</strong></span> 
     </span>
     <span class='ocr_line' id='line_1_17' title="bbox 363 2046 2514 2127; baseline 0.002 -20"><span class='ocrx_word' id='word_1_144' title='bbox 363 2046 617 2123; x_wconf 85' lang='lat' dir='ltr'><strong>aliisque</strong></span> <span class='ocrx_word' id='word_1_145' title='bbox 654 2046 796 2125; x_wconf 88' lang='lat' dir='ltr'><strong>plus</strong></span> <span class='ocrx_word' id='word_1_146' title='bbox 834 2046 1037 2109; x_wconf 90' lang='lat' dir='ltr'><strong>minus</strong></span> <span class='ocrx_word' id='word_1_147' title='bbox 1066 2047 1460 2126; x_wconf 82' lang='lat' dir='ltr'><strong>quadraginta</strong></span> <span class='ocrx_word' id='word_1_148' title='bbox 1492 2063 1633 2125; x_wconf 85' lang='lat' dir='ltr'><strong>quae</strong></span> <span class='ocrx_word' id='word_1_149' title='bbox 1675 2046 1832 2108; x_wconf 90' lang='lat' dir='ltr'><strong>inter</strong></span> <span class='ocrx_word' id='word_1_150' title='bbox 1885 2046 2101 2110; x_wconf 78' lang='lat' dir='ltr'><strong>Varias</strong></span> <span class='ocrx_word' id='word_1_151' title='bbox 2147 2049 2514 2127; x_wconf 67' lang='lat' dir='ltr'><strong>reponendae</strong></span> 
     </span>
     <span class='ocr_line' id='line_1_18' title="bbox 364 2151 1977 2230; baseline 0.001 -17"><span class='ocrx_word' id='word_1_152' title='bbox 364 2152 680 2230; x_wconf 87' lang='lat' dir='ltr'><strong>hucusque</strong></span> <span class='ocrx_word' id='word_1_153' title='bbox 721 2152 786 2213; x_wconf 92' lang='lat' dir='ltr'><strong>in</strong></span> <span class='ocrx_word' id='word_1_154' title='bbox 829 2152 1093 2215; x_wconf 88' lang='lat' dir='ltr'><strong>tenebris</strong></span> <span class='ocrx_word' id='word_1_155' title='bbox 1124 2151 1630 2214; x_wconf 85' lang='lat' dir='ltr'><strong>bibliothecarum</strong></span> <span class='ocrx_word' id='word_1_156' title='bbox 1664 2152 1977 2215; x_wconf 90' lang='lat' dir='ltr'><strong>delituere.</strong></span> 
     </span>
    </p>

    <p class='ocr_par' dir='ltr' id='par_1_3' title="bbox 361 2256 2515 2973">
     <span class='ocr_line' id='line_1_19' title="bbox 522 2256 2514 2337; baseline 0 -17"><span class='ocrx_word' id='word_1_157' title='bbox 522 2256 738 2336; x_wconf 82' lang='lat' dir='ltr'><strong>Operae</strong></span> <span class='ocrx_word' id='word_1_158' title='bbox 770 2274 928 2320; x_wconf 86' lang='lat' dir='ltr'><strong>nunc</strong></span> <span class='ocrx_word' id='word_1_159' title='bbox 966 2257 1237 2337; x_wconf 86' lang='lat' dir='ltr'><strong>pretium</strong></span> <span class='ocrx_word' id='word_1_160' title='bbox 1277 2263 1366 2321; x_wconf 60' lang='lat' dir='ltr'><strong>est</strong></span> <span class='ocrx_word' id='word_1_161' title='bbox 1405 2257 1603 2319; x_wconf 87' lang='lat' dir='ltr'><strong>fontes</strong></span> <span class='ocrx_word' id='word_1_162' title='bbox 1647 2258 1941 2332; x_wconf 88' lang='lat' dir='ltr'><strong>indicare,</strong></span> <span class='ocrx_word' id='word_1_163' title='bbox 1987 2273 2021 2318; x_wconf 93' lang='lat' dir='ltr'><strong>e</strong></span> <span class='ocrx_word' id='word_1_164' title='bbox 2067 2256 2291 2335; x_wconf 90' lang='lat' dir='ltr'><strong>quibus</strong></span> <span class='ocrx_word' id='word_1_165' title='bbox 2332 2274 2514 2320; x_wconf 91' lang='lat' dir='ltr'><strong>omne</strong></span> 
     </span>
     <span class='ocr_line' id='line_1_20' title="bbox 361 2362 2509 2443; baseline 0.001 -17"><span class='ocrx_word' id='word_1_166' title='bbox 361 2363 602 2426; x_wconf 87' lang='lat' dir='ltr'><strong>hauriri</strong></span> <span class='ocrx_word' id='word_1_167' title='bbox 633 2364 822 2443; x_wconf 88' lang='lat' dir='ltr'><strong>possit</strong></span> <span class='ocrx_word' id='word_1_168' title='bbox 855 2365 1021 2442; x_wconf 88' lang='lat' dir='ltr'><strong>quod</strong></span> <span class='ocrx_word' id='word_1_169' title='bbox 1055 2365 1127 2428; x_wconf 91' lang='lat' dir='ltr'><strong>ad</strong></span> <span class='ocrx_word' id='word_1_170' title='bbox 1159 2363 1255 2426; x_wconf 81' lang='lat' dir='ltr'><strong>Fr.</strong></span> <span class='ocrx_word' id='word_1_171' title='bbox 1297 2365 1596 2426; x_wconf 81' lang='lat' dir='ltr'><strong>Petrarcae</strong></span> <span class='ocrx_word' id='word_1_172' title='bbox 1637 2378 1789 2442; x_wconf 89' lang='lat' dir='ltr'><strong>opus</strong></span> <span class='ocrx_word' id='word_1_173' title='bbox 1833 2362 2154 2442; x_wconf 88' lang='lat' dir='ltr'><strong>epistolare</strong></span> <span class='ocrx_word' id='word_1_174' title='bbox 2193 2365 2509 2428; x_wconf 88' lang='lat' dir='ltr'><strong>restituen-</strong></span> 
     </span>
     <span class='ocr_line' id='line_1_21' title="bbox 363 2469 2513 2549; baseline 0 -17"><span class='ocrx_word' id='word_1_175' title='bbox 363 2472 517 2533; x_wconf 92' lang='lat' dir='ltr'><strong>dum</strong></span> <span class='ocrx_word' id='word_1_176' title='bbox 553 2471 613 2531; x_wconf 91' lang='lat' dir='ltr'><strong>in</strong></span> <span class='ocrx_word' id='word_1_177' title='bbox 651 2471 961 2549; x_wconf 85' lang='lat' dir='ltr'><strong>integrum</strong></span> <span class='ocrx_word' id='word_1_178' title='bbox 994 2470 1410 2533; x_wconf 86' lang='lat' dir='ltr'><strong>desideratur:</strong></span> <span class='ocrx_word' id='word_1_179' title='bbox 1447 2469 1610 2544; x_wconf 86' lang='lat' dir='ltr'><strong>sive,</strong></span> <span class='ocrx_word' id='word_1_180' title='bbox 1644 2475 1713 2531; x_wconf 92' lang='lat' dir='ltr'><strong>ut</strong></span> <span class='ocrx_word' id='word_1_181' title='bbox 1744 2469 1966 2532; x_wconf 87' lang='lat' dir='ltr'><strong>clarius</strong></span> <span class='ocrx_word' id='word_1_182' title='bbox 1999 2470 2240 2548; x_wconf 87' lang='lat' dir='ltr'><strong>loquar,</strong></span> <span class='ocrx_word' id='word_1_183' title='bbox 2278 2471 2401 2533; x_wconf 92' lang='lat' dir='ltr'><strong>iam</strong></span> <span class='ocrx_word' id='word_1_184' title='bbox 2440 2472 2513 2533; x_wconf 87' lang='lat' dir='ltr'><strong>de</strong></span> 
     </span>
     <span class='ocr_line' id='line_1_22' title="bbox 364 2574 2512 2653; baseline 0 -17"><span class='ocrx_word' id='word_1_185' title='bbox 364 2574 693 2639; x_wconf 88' lang='lat' dir='ltr'><strong>Codicibus</strong></span> <span class='ocrx_word' id='word_1_186' title='bbox 725 2576 1050 2639; x_wconf 89' lang='lat' dir='ltr'><strong>dicendum</strong></span> <span class='ocrx_word' id='word_1_187' title='bbox 1083 2582 1172 2639; x_wconf 89' lang='lat' dir='ltr'><strong>est</strong></span> <span class='ocrx_word' id='word_1_188' title='bbox 1206 2592 1240 2638; x_wconf 93' lang='lat' dir='ltr'><strong>e</strong></span> <span class='ocrx_word' id='word_1_189' title='bbox 1274 2575 1497 2653; x_wconf 87' lang='lat' dir='ltr'><strong>quibus</strong></span> <span class='ocrx_word' id='word_1_190' title='bbox 1531 2589 1741 2637; x_wconf 89' lang='lat' dir='ltr'><strong>omnes</strong></span> <span class='ocrx_word' id='word_1_191' title='bbox 1776 2591 1914 2653; x_wconf 87' lang='lat' dir='ltr'><strong>quae</strong></span> <span class='ocrx_word' id='word_1_192' title='bbox 1947 2575 2138 2638; x_wconf 88' lang='lat' dir='ltr'><strong>adhuc</strong></span> <span class='ocrx_word' id='word_1_193' title='bbox 2166 2575 2358 2638; x_wconf 86' lang='lat' dir='ltr'><strong>iacent</strong></span> <span class='ocrx_word' id='word_1_194' title='bbox 2391 2575 2512 2638; x_wconf 92' lang='lat' dir='ltr'><strong>ine-</strong></span> 
     </span>
     <span class='ocr_line' id='line_1_23' title="bbox 364 2679 2515 2760; baseline 0.001 -16"><span class='ocrx_word' id='word_1_195' title='bbox 364 2681 507 2744; x_wconf 83' lang='lat' dir='ltr'><strong>ditae</strong></span> <span class='ocrx_word' id='word_1_196' title='bbox 562 2682 698 2744; x_wconf 90' lang='lat' dir='ltr'><strong>eius</strong></span> <span class='ocrx_word' id='word_1_197' title='bbox 754 2681 1027 2760; x_wconf 83' lang='lat' dir='ltr'><strong>epistolae</strong></span> <span class='ocrx_word' id='word_1_198' title='bbox 1078 2680 1215 2742; x_wconf 87' lang='lat' dir='ltr'><strong>erui</strong></span> <span class='ocrx_word' id='word_1_199' title='bbox 1270 2684 1511 2758; x_wconf 86' lang='lat' dir='ltr'><strong>queant.</strong></span> <span class='ocrx_word' id='word_1_200' title='bbox 1552 2679 1794 2742; x_wconf 90' lang='lat' dir='ltr'><strong>Primos</strong></span> <span class='ocrx_word' id='word_1_201' title='bbox 1852 2679 2063 2745; x_wconf 89' lang='lat' dir='ltr'><strong>ordine</strong></span> <span class='ocrx_word' id='word_1_202' title='bbox 2113 2697 2335 2760; x_wconf 91' lang='lat' dir='ltr'><strong>ponam</strong></span> <span class='ocrx_word' id='word_1_203' title='bbox 2390 2686 2515 2746; x_wconf 90' lang='lat' dir='ltr'><strong>tres</strong></span> 
     </span>
     <span class='ocr_line' id='line_1_24' title="bbox 361 2784 2513 2867; baseline 0 -18"><span class='ocrx_word' id='word_1_204' title='bbox 361 2787 617 2849; x_wconf 83' lang='lat' dir='ltr'><strong>maximi</strong></span> <span class='ocrx_word' id='word_1_205' title='bbox 671 2786 854 2864; x_wconf 89' lang='lat' dir='ltr'><strong>pretii</strong></span> <span class='ocrx_word' id='word_1_206' title='bbox 912 2784 1158 2849; x_wconf 85' lang='lat' dir='ltr'><strong>CodIces</strong></span> <span class='ocrx_word' id='word_1_207' title='bbox 1210 2785 1317 2863; x_wconf 86' lang='lat' dir='ltr'><strong>qui</strong></span> <span class='ocrx_word' id='word_1_208' title='bbox 1374 2785 1681 2861; x_wconf 85' lang='lat' dir='ltr'><strong>integrum</strong></span> <span class='ocrx_word' id='word_1_209' title='bbox 1734 2786 1822 2846; x_wconf 83' lang='lat' dir='ltr'><strong>De</strong></span> <span class='ocrx_word' id='word_1_210' title='bbox 1875 2786 2050 2847; x_wconf 77' lang='lat' dir='ltr'><strong>rebus</strong></span> <span class='ocrx_word' id='word_1_211' title='bbox 2101 2787 2513 2867; x_wconf 81' lang='lat' dir='ltr'><strong>familiaribus</strong></span> 
     </span>
     <span class='ocr_line' id='line_1_25' title="bbox 363 2881 2168 2973; baseline -0.002 -19"><span class='ocrx_word' id='word_1_212' title='bbox 363 2908 515 2973; x_wconf 90' lang='lat' dir='ltr'><strong>opus</strong></span> <span class='ocrx_word' id='word_1_213' title='bbox 549 2891 610 2953; x_wconf 89' lang='lat' dir='ltr'><strong>in</strong></span> <span class='ocrx_word' id='word_1_214' title='bbox 645 2890 814 2953; x_wconf 91' lang='lat' dir='ltr'>XXIV</span> <span class='ocrx_word' id='word_1_215' title='bbox 850 2881 1039 2954; x_wconf 91' lang='lat' dir='ltr'><strong>libros</strong></span> <span class='ocrx_word' id='word_1_216' title='bbox 1072 2891 1455 2969; x_wconf 86' lang='lat' dir='ltr'><strong>dispertitum</strong></span> <span class='ocrx_word' id='word_1_217' title='bbox 1489 2891 1833 2952; x_wconf 89' lang='lat' dir='ltr'><strong>continent:</strong></span> <span class='ocrx_word' id='word_1_218' title='bbox 1870 2896 2168 2969; x_wconf 89' lang='lat' dir='ltr'><strong>suntque:</strong></span> 
     </span>
    </p>
   </div>
   <div class='ocr_carea' id='block_1_3' title="bbox 345 3137 2519 4186">
    <p class='ocr_par' dir='ltr' id='par_1_4' title="bbox 359 3137 2513 3298">
     <span class='ocr_line' id='line_1_26' title="bbox 359 3137 2513 3212; baseline -0.001 -17"><span class='ocrx_word' id='word_1_219' title='bbox 359 3142 469 3212; x_wconf 88' lang='lat' dir='ltr'>(A).</span> <span class='ocrx_word' id='word_1_220' title='bbox 680 3141 725 3195; x_wconf 95' lang='lat' dir='ltr'><strong>I.</strong></span> <span class='ocrx_word' id='word_1_221' title='bbox 768 3139 906 3194; x_wconf 89' lang='lat' dir='ltr'><strong>Cod.</strong></span> <span class='ocrx_word' id='word_1_222' title='bbox 938 3139 1306 3194; x_wconf 87' lang='lat' dir='ltr'><strong>membranae.</strong></span> <span class='ocrx_word' id='word_1_223' title='bbox 1338 3139 1468 3192; x_wconf 87' lang='lat' dir='ltr'><strong>anni</strong></span> <span class='ocrx_word' id='word_1_224' title='bbox 1495 3138 1657 3193; x_wconf 83' lang='lat'><strong>1388.</strong></span> <span class='ocrx_word' id='word_1_225' title='bbox 1690 3137 1989 3192; x_wconf 89' lang='lat' dir='ltr'><strong>Colbertini</strong></span> <span class='ocrx_word' id='word_1_226' title='bbox 2017 3137 2238 3192; x_wconf 88' lang='lat' dir='ltr'><strong>nomine</strong></span> <span class='ocrx_word' id='word_1_227' title='bbox 2266 3142 2429 3193; x_wconf 90' lang='lat' dir='ltr'><strong>notus</strong></span> <span class='ocrx_word' id='word_1_228' title='bbox 2454 3139 2513 3193; x_wconf 91' lang='lat' dir='ltr'><strong>in</strong></span> 
     </span>
     <span class='ocr_line' id='line_1_27' title="bbox 856 3224 2272 3298; baseline 0.001 -19"><span class='ocrx_word' id='word_1_229' title='bbox 856 3224 1115 3281; x_wconf 86' lang='lat' dir='ltr'><strong>Biblioth.</strong></span> <span class='ocrx_word' id='word_1_230' title='bbox 1148 3226 1351 3298; x_wconf 87' lang='lat' dir='ltr'><strong>Imper.</strong></span> <span class='ocrx_word' id='word_1_231' title='bbox 1380 3226 1678 3280; x_wconf 87' lang='lat' dir='ltr'><strong>Parisiensi</strong></span> <span class='ocrx_word' id='word_1_232' title='bbox 1705 3243 1859 3281; x_wconf 88' lang='lat' dir='ltr'><strong>num.</strong></span> <span class='ocrx_word' id='word_1_233' title='bbox 1894 3240 2272 3284; x_wconf 72' lang='lat' dir='ltr'><strong>vnmmxvnt.</strong></span> 
     </span>
    </p>

    <p class='ocr_par' dir='ltr' id='par_1_5' title="bbox 357 3308 2514 3477">
     <span class='ocr_line' id='line_1_28' title="bbox 357 3308 2514 3390; baseline -0.003 -18"><span class='ocrx_word' id='word_1_234' title='bbox 357 3318 461 3390; x_wconf 89' lang='grc' dir='ltr'><strong><em>(Β).</em></strong></span> <span class='ocrx_word' id='word_1_235' title='bbox 647 3316 721 3371; x_wconf 91' lang='lat'><strong>11.</strong></span> <span class='ocrx_word' id='word_1_236' title='bbox 765 3315 904 3370; x_wconf 83' lang='lat' dir='ltr'><strong>God.</strong></span> <span class='ocrx_word' id='word_1_237' title='bbox 927 3316 1231 3369; x_wconf 77' lang='lat' dir='ltr'><strong>membran:</strong></span> <span class='ocrx_word' id='word_1_238' title='bbox 1255 3331 1509 3387; x_wconf 74' lang='lat' dir='ltr'><strong>papyrac.</strong></span> <span class='ocrx_word' id='word_1_239' title='bbox 1533 3332 1564 3369; x_wconf 94' lang='lat' dir='ltr'><strong>e</strong></span> <span class='ocrx_word' id='word_1_240' title='bbox 1584 3308 1913 3387; x_wconf 58' lang='lat' dir='ltr'><strong>praecedenti</strong></span> <span class='ocrx_word' id='word_1_241' title='bbox 1932 3317 2238 3388; x_wconf 85' lang='lat' dir='ltr'><strong>descriptus</strong></span> <span class='ocrx_word' id='word_1_242' title='bbox 2258 3316 2392 3370; x_wconf 82' lang='lat' dir='ltr'><strong>Saee.</strong></span> <span class='ocrx_word' id='word_1_243' title='bbox 2417 3315 2514 3367; x_wconf 86' lang='lat' dir='ltr'><strong>XV</strong></span> 
     </span>
     <span class='ocr_line' id='line_1_29' title="bbox 856 3404 2380 3477; baseline -0.001 -20"><span class='ocrx_word' id='word_1_244' title='bbox 856 3404 918 3457; x_wconf 89' lang='lat' dir='ltr'><strong>in</strong></span> <span class='ocrx_word' id='word_1_245' title='bbox 944 3404 1061 3458; x_wconf 89' lang='lat' dir='ltr'><strong>ead.</strong></span> <span class='ocrx_word' id='word_1_246' title='bbox 1095 3405 1352 3460; x_wconf 87' lang='lat' dir='ltr'><strong>Biblioth.</strong></span> <span class='ocrx_word' id='word_1_247' title='bbox 1385 3405 1525 3477; x_wconf 91' lang='lat' dir='ltr'><strong>Imp.</strong></span> <span class='ocrx_word' id='word_1_248' title='bbox 1558 3406 1825 3461; x_wconf 85' lang='lat' dir='ltr'><strong>Parisien.</strong></span> <span class='ocrx_word' id='word_1_249' title='bbox 1858 3422 2012 3460; x_wconf 87' lang='lat' dir='ltr'><strong>num.</strong></span> <span class='ocrx_word' id='word_1_250' title='bbox 2044 3418 2380 3459; x_wconf 76' lang='lat' dir='ltr'><strong>vnfflDLxlx.</strong></span> 
     </span>
    </p>

    <p class='ocr_par' dir='ltr' id='par_1_6' title="bbox 345 3491 2519 3992">
     <span class='ocr_line' id='line_1_30' title="bbox 345 3491 2517 3570; baseline -0.005 -17"><span class='ocrx_word' id='word_1_251' title='bbox 345 3497 447 3570; x_wconf 83' lang='lat' dir='ltr'><strong>(C).</strong></span> <span class='ocrx_word' id='word_1_252' title='bbox 612 3495 720 3552; x_wconf 92' lang='lat'><strong>111.</strong></span> <span class='ocrx_word' id='word_1_253' title='bbox 764 3493 906 3549; x_wconf 91' lang='lat' dir='ltr'><strong>Cod.</strong></span> <span class='ocrx_word' id='word_1_254' title='bbox 936 3493 1305 3547; x_wconf 85' lang='lat' dir='ltr'><strong>membranae.</strong></span> <span class='ocrx_word' id='word_1_255' title='bbox 1339 3509 1591 3565; x_wconf 77' lang='lat' dir='ltr'><strong>papyrae.</strong></span> <span class='ocrx_word' id='word_1_256' title='bbox 1623 3511 1792 3566; x_wconf 89' lang='lat' dir='ltr'><strong>quem</strong></span> <span class='ocrx_word' id='word_1_257' title='bbox 1829 3494 2133 3548; x_wconf 76' lang='lat' dir='ltr'><strong>CardInalis</strong></span> <span class='ocrx_word' id='word_1_258' title='bbox 2168 3491 2517 3546; x_wconf 86' lang='lat' dir='ltr'><strong>Passioneius</strong></span> 
     </span>
     <span class='ocr_line' id='line_1_31' title="bbox 858 3578 2517 3654; baseline -0.003 -17"><span class='ocrx_word' id='word_1_259' title='bbox 858 3584 1059 3653; x_wconf 79' lang='lat' dir='ltr'><strong>legavit</strong></span> <span class='ocrx_word' id='word_1_260' title='bbox 1083 3583 1342 3639; x_wconf 83' lang='lat' dir='ltr'><strong>Biblioth.</strong></span> <span class='ocrx_word' id='word_1_261' title='bbox 1374 3584 1649 3654; x_wconf 80' lang='lat' dir='ltr'><strong>Angelicae</strong></span> <span class='ocrx_word' id='word_1_262' title='bbox 1669 3585 1845 3638; x_wconf 86' lang='lat' dir='ltr'><strong>Fratr.</strong></span> <span class='ocrx_word' id='word_1_263' title='bbox 1878 3581 2332 3651; x_wconf 76' lang='lat' dir='ltr'><strong>Augustinianor.</strong></span> <span class='ocrx_word' id='word_1_264' title='bbox 2364 3578 2517 3634; x_wconf 87' lang='lat' dir='ltr'><strong>urbis</strong></span> 
     </span>
     <span class='ocr_line' id='line_1_32' title="bbox 860 3667 2519 3744; baseline -0.002 -19"><span class='ocrx_word' id='word_1_265' title='bbox 860 3672 1052 3726; x_wconf 84' lang='lat' dir='ltr'><strong>Romae</strong></span> <span class='ocrx_word' id='word_1_266' title='bbox 1078 3672 1173 3726; x_wconf 89' lang='lat' dir='ltr'><strong>ubi</strong></span> <span class='ocrx_word' id='word_1_267' title='bbox 1202 3678 1515 3726; x_wconf 85' lang='lat' dir='ltr'><strong>asservatur</strong></span> <span class='ocrx_word' id='word_1_268' title='bbox 1538 3671 1631 3744; x_wconf 85' lang='lat' dir='ltr'><strong>(V.</strong></span> <span class='ocrx_word' id='word_1_269' title='bbox 1663 3672 1690 3725; x_wconf 84' lang='lat'><strong>1</strong></span> <span class='ocrx_word' id='word_1_270' title='bbox 1712 3713 1727 3740; x_wconf 90' lang='lat'>,</span> <span class='ocrx_word' id='word_1_271' title='bbox 1758 3671 1845 3742; x_wconf 85' lang='lat'><strong>7),</strong></span> <span class='ocrx_word' id='word_1_272' title='bbox 1875 3668 1944 3722; x_wconf 85' lang='lat' dir='ltr'><strong>ad</strong></span> <span class='ocrx_word' id='word_1_273' title='bbox 1972 3667 2130 3722; x_wconf 88' lang='lat' dir='ltr'><strong>cuius</strong></span> <span class='ocrx_word' id='word_1_274' title='bbox 2157 3667 2362 3722; x_wconf 78' lang='lat' dir='ltr'><strong>calcem</strong></span> <span class='ocrx_word' id='word_1_275' title='bbox 2389 3667 2519 3738; x_wconf 85' lang='lat' dir='ltr'><strong>legi-</strong></span> 
     </span>
     <span class='ocr_line' id='line_1_33' title="bbox 859 3755 2515 3834; baseline -0.004 -19"><span class='ocrx_word' id='word_1_276' title='bbox 859 3766 978 3814; x_wconf 84' lang='lat' dir='ltr'><strong>tur:</strong></span> <span class='ocrx_word' id='word_1_277' title='bbox 1018 3760 1318 3834; x_wconf 77' lang='lat' dir='ltr'><strong>Francisci</strong></span> <span class='ocrx_word' id='word_1_278' title='bbox 1352 3761 1695 3815; x_wconf 81' lang='lat' dir='ltr'><strong>Petrarchae</strong></span> <span class='ocrx_word' id='word_1_279' title='bbox 1733 3755 1986 3811; x_wconf 77' lang='lat' dir='ltr'><strong>laureati</strong></span> <span class='ocrx_word' id='word_1_280' title='bbox 2020 3771 2223 3810; x_wconf 81' lang='lat' dir='ltr'><strong>rerum</strong></span> <span class='ocrx_word' id='word_1_281' title='bbox 2256 3756 2515 3827; x_wconf 88' lang='lat' dir='ltr'><strong>familia·</strong></span> 
     </span>
     <span class='ocr_line' id='line_1_34' title="bbox 860 3846 2515 3920; baseline -0.001 -17"><span class='ocrx_word' id='word_1_282' title='bbox 860 3849 1050 3918; x_wconf 84' lang='lat' dir='ltr'><strong>rium,</strong></span> <span class='ocrx_word' id='word_1_283' title='bbox 1089 3851 1233 3906; x_wconf 81' lang='lat' dir='ltr'><strong>liber</strong></span> <span class='ocrx_word' id='word_1_284' title='bbox 1268 3850 1468 3906; x_wconf 86' lang='lat' dir='ltr'>XXIV</span> <span class='ocrx_word' id='word_1_285' title='bbox 1507 3849 1816 3920; x_wconf 70' lang='lat' dir='ltr'><strong>explicitus</strong></span> <span class='ocrx_word' id='word_1_286' title='bbox 1861 3846 2109 3918; x_wconf 81' lang='lat' dir='ltr'><strong>feliciter</strong></span> <span class='ocrx_word' id='word_1_287' title='bbox 2153 3863 2307 3901; x_wconf 82' lang='lat' dir='ltr'><strong>armo</strong></span> <span class='ocrx_word' id='word_1_288' title='bbox 2359 3847 2515 3902; x_wconf 79' lang='lat'><strong><em>1404</em></strong></span> 
     </span>
     <span class='ocr_line' id='line_1_35' title="bbox 865 3935 1716 3992; baseline 0.004 -4"><span class='ocrx_word' id='word_1_289' title='bbox 865 3935 958 3988; x_wconf 83' lang='lat' dir='ltr'><strong>die</strong></span> <span class='ocrx_word' id='word_1_290' title='bbox 983 3936 1163 3992; x_wconf 84' lang='lat' dir='ltr'>XXII</span> <span class='ocrx_word' id='word_1_291' title='bbox 1184 3937 1514 3992; x_wconf 82' lang='lat' dir='ltr'><strong>Februarii.</strong></span> <span class='ocrx_word' id='word_1_292' title='bbox 1715 3947 1716 3950; x_wconf 74' lang='grc'>’</span> 
     </span>
    </p>

    <p class='ocr_par' dir='ltr' id='par_1_7' title="bbox 790 4024 2518 4095">
     <span class='ocr_line' id='line_1_36' title="bbox 790 4024 2518 4095; baseline -0.001 -18"><span class='ocrx_word' id='word_1_293' title='bbox 790 4024 993 4078; x_wconf 85' lang='lat' dir='ltr'><strong>Tribus</strong></span> <span class='ocrx_word' id='word_1_294' title='bbox 1017 4025 1166 4080; x_wconf 89' lang='lat' dir='ltr'><strong>hisce</strong></span> <span class='ocrx_word' id='word_1_295' title='bbox 1193 4027 1515 4081; x_wconf 85' lang='lat' dir='ltr'><strong>subiicimus</strong></span> <span class='ocrx_word' id='word_1_296' title='bbox 1542 4033 1657 4080; x_wconf 86' lang='lat' dir='ltr'><strong>tres</strong></span> <span class='ocrx_word' id='word_1_297' title='bbox 1683 4026 1819 4080; x_wconf 86' lang='lat' dir='ltr'><strong>alios</strong></span> <span class='ocrx_word' id='word_1_298' title='bbox 1849 4024 2072 4080; x_wconf 86' lang='lat' dir='ltr'><strong>Codices</strong></span> <span class='ocrx_word' id='word_1_299' title='bbox 2091 4040 2329 4095; x_wconf 89' lang='lat' dir='ltr'><strong>quorum</strong></span> <span class='ocrx_word' id='word_1_300' title='bbox 2348 4038 2518 4077; x_wconf 82' lang='lat' dir='ltr'><strong>unus-</strong></span> 
     </span>
    </p>

    <p class='ocr_par' dir='ltr' id='par_1_8' title="bbox 866 4112 2515 4186">
     <span class='ocr_line' id='line_1_37' title="bbox 866 4112 2515 4186; baseline -0.002 -19"><span class='ocrx_word' id='word_1_301' title='bbox 866 4114 1097 4185; x_wconf 88' lang='lat' dir='ltr'><strong>quisque</strong></span> <span class='ocrx_word' id='word_1_302' title='bbox 1125 4117 1365 4170; x_wconf 86' lang='lat' dir='ltr'><strong>continet</strong></span> <span class='ocrx_word' id='word_1_303' title='bbox 1400 4116 1663 4171; x_wconf 88' lang='lat' dir='ltr'><strong>tredecim</strong></span> <span class='ocrx_word' id='word_1_304' title='bbox 1700 4116 2031 4186; x_wconf 85' lang='lat' dir='ltr'><strong>posteriores</strong></span> <span class='ocrx_word' id='word_1_305' title='bbox 2058 4114 2227 4169; x_wconf 87' lang='lat' dir='ltr'><strong>libros</strong></span> <span class='ocrx_word' id='word_1_306' title='bbox 2246 4115 2329 4169; x_wconf 86' lang='lat' dir='ltr'><strong>De</strong></span> <span class='ocrx_word' id='word_1_307' title='bbox 2348 4112 2515 4165; x_wconf 74' lang='lat' dir='ltr'><strong>rebus</strong></span> 
     </span>
    </p>
   </div>
  </div>
 </body>
</html>
