3104 4805
856 399 1185 450 ramclscl
1224 400 1572 450 rui-maeste:
1614 401 1960 451 paint-Ario.
2317 406 2322 410 ·
2395 392 2469 453 19

340 554 636 634 dentem,
665 570 753 619 ne
777 559 1092 620 contactu
1120 560 1426 621 tenerum
1444 572 1693 645 corpus
1720 551 2111 637 offenderet,
2134 554 2468 646 gestabat.

339 674 406 743 Is
457 674 524 743 in
575 672 868 743 transitu
918 670 1086 743 Arni
1137 672 1467 772 fluminis,
1514 675 1714 767 lapsu
1751 675 1911 766 equi
1960 675 2250 762 effusus,
2304 678 2469 749 dum

338 817 514 869 onus
582 794 715 880 sibi
781 794 1113 866 creditum
1182 818 1461 867 servare
1507 796 1774 881 nititur,
1843 797 2142 869 violento
2204 800 2473 890 gurgite

340 941 554 1014 prope
592 920 740 1013 ipse
779 919 998 1012 periit.
1051 917 1240 988 Finis
1282 919 1486 990 Tusci
1526 919 1782 991 erroris
1832 920 2035 990 Pisae.
2089 921 2282 993 Unde
2324 945 2475 992 rur-

341 1065 464 1114 sus
506 1042 731 1112 aetatis
775 1063 955 1112 anno
996 1041 1287 1131 septimo
1327 1041 1680 1125 divulsus,
1733 1063 1815 1113 ac
1865 1042 2203 1114 maritimo
2241 1043 2477 1115 itinere

341 1173 776 1235 transvectus
817 1165 887 1233 in
926 1164 1207 1248 GalliaS‚
1250 1140 1555 1234 hibernis
1598 1164 2033 1255 aquilonibus
2083 1165 2272 1236 haud
2320 1187 2478 1258 pro—

341 1288 451 1358 cul
498 1286 804 1358 Massilia
850 1286 1286 1376 naufragium
1333 1307 1611 1378 passus,
1655 1309 1896 1380 parum
1937 1285 2124 1357 abfui
2172 1288 2339 1380 quin
2389 1286 2479 1360 ab

341 1408 492 1502 ipso
538 1431 783 1480 rursus
832 1429 1040 1479 novae
1088 1406 1256 1478 vitae
1304 1408 1649 1479 vestibulo
1711 1430 2092 1481 revocarer.
2157 1411 2293 1482 Sed
2339 1415 2479 1504 quo

341 1532 568 1625 rapior
606 1530 862 1603 oblitus
905 1531 1232 1624 propositi
1257 1534 1294 1600 ⁶?
1338 1530 1502 1602 Inde
1541 1529 1867 1602 nimirum
1905 1554 2129 1624 usque
2169 1532 2259 1603 ad
2298 1532 2478 1604 hanc

342 1664 611 1726 aetatem
677 1665 798 1726 aut
862 1654 1046 1725 nulla
1095 1674 1410 1745 prorsuS,
1464 1662 1585 1724 aut
1652 1651 2006 1725 rarissima
2054 1652 2479 1727 subsistendi

341 1776 856 1869 respirandique
918 1778 1208 1847 facultas
1272 1776 1442 1846 fuit:
1505 1784 1579 1846 et
1639 1785 1809 1868 quot
1883 1775 2057 1846 inter
2106 1776 2478 1847 errandum

340 1900 793 1993 periculorum
845 1899 1258 1969 timorumve
1307 1898 1571 1992 species
1611 1898 2024 1989 pertulerim,
2066 1908 2321 1989 praeter
2367 1920 2480 1970 me

341 2043 585 2106 unum,
635 2043 831 2092 nemo
883 2031 948 2094 te
997 2022 1240 2092 melius
1301 2021 1534 2103 novit3
1586 2041 1748 2114 quae
1796 2020 2052 2092 idcirco
2098 2042 2480 2093 memorare

341 2167 523 2216 nunc
583 2145 807 2230 libuit,
875 2153 952 2215 ut
1015 2144 1405 2216 memineris
1457 2166 1568 2215 me
1618 2144 1796 2214 inter
1844 2144 2145 2236 pericula
2206 2154 2472 2229 natum,
2519 2205 2530 2214 .

340 2268 516 2338 inter
552 2269 853 2361 pericula
891 2269 1229 2354 senuisse,
1276 2269 1336 2337 si
1376 2266 1583 2339 modo
1622 2267 1758 2338 iam
1793 2267 2007 2353 senui,
2040 2276 2111 2338 et
2150 2290 2286 2339 non
2320 2289 2479 2360 gra-

338 2389 538 2461 viora
577 2389 745 2461 mihi
784 2389 853 2461 in
890 2392 1080 2464 senio
1119 2400 1583 2463 reservantur.
1625 2389 1793 2461 Haec
1832 2398 2060 2461 autem
2107 2390 2241 2462 etsi
2289 2414 2479 2463 com-

338 2512 577 2582 munia
624 2511 763 2582 sint
808 2515 1125 2585 omnibus
1165 2513 1581 2586 intrantibus
1621 2512 1693 2583 in
1731 2515 1909 2585 hanc
1962 2513 2176 2584 vitam
2230 2513 2478 2609 (neque

335 2634 523 2705 enim
573 2633 1082 2707 militia'solum
1132 2637 1257 2708 sed
1307 2658 1541 2730 pugna
1578 2645 1689 2706 est
1727 2632 1868 2705 vita
1919 2634 2216 2705 hominis
2267 2656 2480 2729 super

338 2757 634 2853 terram),
674 2769 837 2829 sunt
869 2769 1095 2831 tamen
1127 2759 1259 2830 alia
1298 2758 1477 2843 aliis,
1511 2767 1583 2828 et
1614 2759 1814 2848 longe
1840 2755 2197 2827 diversum
2223 2776 2479 2848 puguae

339 2901 601 2971 genus;
651 2891 723 2953 et
768 2881 1091 2974 quamvis
1141 2902 1483 2973 quemque
1533 2901 1662 2951 sua
1710 2888 2149 2971 praegravent
2175 2933 2191 2961 ,
2252 2886 2479 2947 tamen

342 3023 581 3074 revera
643 3004 822 3073 inter
873 3024 993 3074 eas
1061 3002 1316 3095 quibus
1373 3002 1749 3094 premimur
1814 3000 2121 3072 sarcinas
2187 2998 2478 3068 multum

342 3128 564 3196 refert.
586 3127 664 3196 In
690 3126 800 3196 his
824 3147 993 3218 ergo
1018 3125 1187 3195 vitae
1212 3124 1732 3218 tempestatibus
1763 3123 1864 3218 (ut
1889 3123 1978 3195 ad
2004 3145 2148 3194 rem
2176 3121 2476 3216 redeam)

345 3249 531 3319 nullo
579 3259 779 3342 portu
829 3250 1202 3321 anchoram
1243 3251 1525 3341 longum
1567 3249 1636 3320 in
1677 3258 1948 3342 tempus
1988 3247 2271 3331 iacienS‚
2315 3256 2483 3340 quot

340 3394 549 3443 veros
599 3374 856 3445 amicos
908 3374 1174 3457 nesci0,
1227 3396 1520 3467 quorum
1570 3384 1642 3445 et
1688 3372 2015 3445 iudicium
2081 3393 2359 3464 ancepS‚
2412 3380 2482 3440 et

337 3495 630 3589 penuria
666 3496 906 3587 ingens
942 3507 1076 3581 est,
1119 3506 1321 3568 notos
1363 3506 1590 3567 autem
1642 3495 2172 3565 innumerabiles
2223 3490 2482 3583 quaesi-

338 3617 436 3687 vi.
480 3617 710 3688 Multis
738 3617 970 3710 itaque
1001 3618 1428 3709 multumque
1462 3615 1691 3686 animo
1714 3613 2196 3684 et'conditione
2219 3610 2484 3681 distan-

339 3737 528 3810 tibus
569 3738 871 3811 scribere
907 3739 1190 3831 contigit
1229 3750 1366 3809 tam
1409 3736 1628 3819 varie,
1683 3745 1760 3805 ut
1804 3756 1889 3805 ea
1937 3754 2119 3804 nunc
2168 3733 2480 3823 relegens

339 3862 687 3932 interdum
737 3863 1114 3957 pugnantia
1162 3865 1486 3955 loquutus
1530 3860 1687 3951 ipse
1737 3857 1906 3928 mihi
1960 3856 2243 3927 videar:
2295 3852 2480 3949 quod

335 3982 836 4076 propemodum
878 3994 1192 4056 coactum
1230 4004 1341 4053 me
1388 3980 1635 4052 fecisse
1675 3977 1996 4050 fatebitur
2045 3978 2363 4072 quisquis
2412 3977 2483 4047 in

337 4127 418 4177 se
460 4106 680 4176 simile
721 4105 979 4199 aliquid
1017 4114 1347 4199 expertus
1385 4114 1512 4189 est.
1539 4102 1768 4175 Prima
1798 4102 2075 4196 quidem
2119 4100 2480 4174 scribentis

337 4249 510 4298 cura
556 4239 693 4312 est,
750 4228 861 4299 cui
914 4227 1169 4300 scribat
1207 4224 1582 4301 attendere:
1637 4248 1773 4297 una
1822 4227 2002 4297 enim
2051 4235 2120 4295 et
2167 4221 2361 4316 quid,
2414 4230 2483 4291 et
