3104 4805
537 358 615 419 60
1203 366 1284 413 οε
1327 365 1526 414 annus
1568 364 2006 414 FAumAmssus

532 513 836 609 quotidie
868 533 1186 585 recessus
1229 512 1682 605 apparebunt,
1721 512 1812 584 ad
1836 534 2011 606 quos
2041 532 2117 582 se
2142 512 2531 603 ignorantia
2554 538 2680 587 no-

533 647 680 711 stra
717 637 1040 731 porriget.
1075 634 1249 706 Hinc
1281 657 1536 708 moeror
1573 646 1642 707 et
1684 635 2091 728 indignatio,
2136 645 2207 706 et
2244 646 2677 731 contemptus

530 760 781 843 nostri3
821 780 997 852 quas
1031 756 1331 830 latebras
1373 758 1700 850 quoniam
1742 759 1998 850 vulgus
2032 756 2384 830 indoctum
2409 784 2548 832 non
2573 762 2682 834 vi-

530 882 742 968 debit,
778 882 1007 953 laetius
1040 881 1246 972 deget
1274 891 1482 974 atque
1513 881 1969 974 tranquillius.
1998 882 2098 952 Ita
2120 880 2240 953 fiet
2259 893 2338 955 ut
2363 884 2643 956 scientia
2661 940 2677 969 ,

530 1026 692 1099 quae
747 1006 994 1097 ingens
1045 1024 1259 1076 causa
1308 1024 1528 1075 sacrae
1578 1003 2047 1076 delectationis
2098 1025 2262 1076 esse
2307 1004 2672 1091 debuerat,

529 1128 1090 1201 molestissimam
1126 1124 1650 1200 sollicitudinem
1687 1127 1958 1214 inserat,
1987 1136 2059 1198 et
2080 1127 2323 1213 vitam,
2358 1128 2557 1199 cuius
2600 1151 2677 1201 se

528 1254 774 1327 ducem
813 1251 1283 1348 pollicebatur,
1322 1250 1688 1323 interimat.
1731 1249 1938 1322 Adsit
1966 1271 2133 1341 ergo
2172 1249 2437 1321 cunctis
2471 1250 2542 1319 in
2568 1272 2679 1321 re-

530 1377 663 1449 bus
702 1374 1062 1449 modestia.
1106 1375 1227 1446 Illa
1264 1372 1465 1445 nobis
1509 1372 1859 1459 suadebit,
1898 1383 2144 1445 utnon
2175 1371 2246 1443 in
2283 1371 2395 1442 his
2450 1374 2674 1444 solum

528 1521 691 1594 quae
739 1500 1035 1569 fortunae
1085 1506 1205 1568 aut
1251 1494 1561 1589 corporis
1612 1495 1958 1578 dicuntur,
2014 1494 2143 1566 sed
2188 1494 2259 1565 in
2308 1492 2418 1565 his
2466 1494 2675 1566 etiam

530 1642 692 1717 quae
752 1620 963 1694 animi
1016 1619 1196 1691 bona
1247 1629 1432 1706 sunt,
1484 1640 1947 1713 quaecumque
1994 1618 2198 1690 nobis
2247 1619 2678 1712 portiuncula

527 1742 918 1827 obvenerit,
960 1742 1050 1815 de
1089 1741 1379 1814 modicis
1405 1763 1684 1835 quoque
1707 1764 1845 1814 non
1871 1742 2177 1814 modicas
2204 1751 2442 1833 grates
2470 1762 2678 1834 agere

529 1887 1071 1940 consuescamus
1094 1864 1416 1958 largimri
1456 1875 1749 1952 aeterno,
1786 1864 1904 1958 qui
1954 1863 2208 1957 optime
2258 1864 2428 1957 quid
2478 1863 2677 1935 nobis

529 1989 854 2083 expediat
883 1989 1104 2074 videt,
1147 1988 1360 2083 idque
1399 1988 1691 2082 largitus
1730 1998 1869 2074 est,
1911 2010 2051 2064 non
2090 1986 2279 2081 quod
2309 1986 2682 2059 delectabi-

529 2113 690 2196 liuS,
736 2111 862 2183 sed
894 2110 1082 2205 quod
1115 2111 1518 2205 oportunius
1561 2112 1776 2184 novit.
1812 2112 1902 2183 Et
1933 2110 2275 2195 nimirum,
2320 2110 2499 2180 sicut
2530 2110 2681 2179 iure

531 2234 853 2306 laudatur
892 2255 1115 2305 senex
1138 2254 1516 2328 paucorum
1540 2232 1654 2302 ille
1681 2232 2025 2324 iugerum,
2056 2233 2175 2326 qui
2198 2251 2426 2322 reyum
2457 2252 2679 2321 oequa-
2752 2304 2769 2326 ⁶

532 2360 638 2430 bat
678 2379 826 2452 opes
865 2356 1091 2428 animo
1101 2380 1122 2440 ,·
1164 2355 1267 2428 sic
1305 2356 1416 2427 ille
1448 2354 1846 2427 laudabitur
1877 2355 2234 2441 deformiS,
2275 2354 2520 2441 hebes,
2561 2362 2681 2426 aut

530 2481 807 2566 balbuS,
848 2480 968 2574 qui
1007 2477 1383 2551 Alcibiadis
1417 2481 1709 2551 formam
1743 2478 1998 2564 animo,
2050 2478 2173 2571 qui
2217 2479 2523 2550 Platonis
2575 2478 2681 2547 in-

529 2604 834 2696 genium,
872 2610 993 2672 aut
1022 2601 1483 2694 eloquentiam
1512 2601 1860 2672 Ciceronis
1887 2600 2294 2692 aequaverit.
2322 2601 2449 2670 Cui
2473 2601 2683 2691 igitur

528 2724 881 2818 ingenium
921 2724 1149 2809 deest,
1185 2746 1327 2795 non
1359 2723 1543 2795 desit
1568 2722 2080 2814 aequanimitas;
2107 2722 2217 2791 cui
2244 2722 2466 2803 adest,
2497 2721 2682 2792 adsit

529 2860 601 2922 et
649 2846 1076 2921 moderatrix
1124 2868 1356 2919 rerum
1403 2844 1710 2917 omnium
1760 2841 2108 2924 discretio,
2160 2850 2238 2912 ut
2285 2840 2679 2933 incorrupto

529 2970 783 3043 iudicio
815 2970 1003 3043 vires
1056 2990 1220 3042 suas
1271 2966 1604 3040 aestimet:
1655 2986 1745 3035 ne
1792 2964 1964 3034 forte
2014 2960 2148 3031 sibi
2196 2959 2556 3056 blandiens
2610 2971 2681 3031 et

528 3092 678 3186 ipse
703 3113 782 3163 se
814 3093 1083 3176 fallens,
1119 3087 1532 3183 importabili
1565 3088 1752 3158 fasce
1782 3094 2205 3178 praegravet,
2243 3092 2480 3156 contra
2511 3082 2680 3155 illud

528 3213 716 3306 quod
756 3214 825 3283 in
860 3223 1007 3283 arte
1046 3211 1312 3306 poetica
1354 3210 1683 3304 scriptum
1723 3216 1863 3281 est:

849 3418 1082 3482 Sumite
1115 3419 1435 3483 materiam
1468 3418 1719 3496 vestris,
1754 3418 1862 3498 qui
1898 3417 2188 3494 scribitiS,
2223 3432 2463 3496 aequam

846 3516 1118 3594 Viribus,
1155 3523 1214 3578 et
1251 3523 1489 3580 versate
1522 3518 1625 3580 diu
1660 3517 1810 3597 quid
1846 3517 2008 3580 ferre
2041 3521 2347 3592 recusent,

851 3615 1009 3688 Quid
1034 3615 1270 3678 valeant
1301 3615 1569 3679 humeri.

532 3822 789 3913 Nempe
828 3821 1303 3893 adiuvandum
1344 3821 1573 3893 studio
1609 3820 1960 3912 ingenium
2001 3829 2140 3905 est,
2192 3830 2263 3890 et
2301 3818 2687 3891 meditatio-

533 3939 738 4011 nibus
790 3942 1323 4030 sublevandum,
1388 3945 1512 4017 sed
1571 3943 1849 4014 minime
1911 3943 2298 4034 cogendum
2355 3963 2494 4033 quo
2549 3961 2685 4009 non

531 4061 754 4153 possit
804 4064 1202 4138 ascendere.
1256 4065 1578 4159 Alioquin
1626 4076 2089 4159 praeterquam
2149 4063 2336 4158 quod
2394 4070 2683 4132 conatus

534 4180 665 4253 erit
705 4182 964 4269 irrituS,
1005 4205 1194 4280 saepe
1233 4188 1495 4261 accidet
1521 4197 1598 4259 ut
1622 4187 1790 4258 dum
1840 4186 2290 4280 impossibilia
2344 4182 2679 4276 cupimuS,
