3104 4805
569 368 686 429 298
1246 378 1327 426 DE
1372 377 1573 425 asans
1617 375 2060 424 mmmmussus

568 524 901 596 voluntati
943 531 1102 593 tuae.
1140 521 1381 605 Qualis
1425 520 1517 591 sit
1549 520 1822 592 animus
1875 540 2073 590 meus
2124 540 2252 590 nec
2300 520 2503 613 plene
2555 519 2719 603 scie,

566 671 694 720 nec
748 668 1062 718 asserere
1101 665 1333 715 meum
1367 652 1497 715 est.
1542 640 1722 713 Sunt
1761 644 1972 727 enim,
2009 652 2085 714 ut
2124 642 2221 714 ait
2258 642 2719 734 AugustinuS‚

565 784 629 842 et
670 774 810 843 istoe
856 766 1257 862 planqcndae
1316 769 1598 838 tenebroe
1649 769 1723 837 in
1771 767 2008 857 quibus
2069 789 2172 836 me
2224 769 2380 836 latet
2437 769 2724 858 facultas

563 917 738 979 mea,
800 917 945 987 quoe
1008 895 1082 963 in
1145 913 1250 960 me
1311 902 1431 975 est,
1496 902 1573 960 ut
1620 891 1884 961 animus
1933 912 2116 960 meus
2164 887 2242 958 de
2292 891 2544 959 viribus
2589 892 2725 960 suis

562 1022 700 1112 ipse
745 1039 813 1087 se
862 1017 1314 1106 interroqans,
1357 1035 1494 1083 non
1531 1015 1730 1104 facile
1762 1015 1891 1084 sibi
1928 1011 2322 1084 credendum
2364 1013 2719 1082 coez'stimet.

561 1142 919 1226 Quatenus
956 1150 1186 1211 autem
1222 1137 1413 1209 effari
1449 1158 1771 1230 possum,
1811 1136 2118 1230 undique
2154 1158 2266 1206 me
2310 1136 2568 1208 habent
2598 1159 2724 1208 an-

561 1265 830 1358 gustiae,
860 1262 929 1333 in
958 1265 1098 1333 luto
1125 1261 1356 1333 carnin
1400 1273 1471 1332 et
1496 1261 1566 1330 in
1594 1260 1891 1332 vinculis
1921 1260 2356 1333 mortalitatis
2386 1281 2563 1330 meae
2597 1261 2722 1332 ad-

563 1389 700 1459 huc
724 1395 847 1456 aut
872 1385 1226 1456 sedentem
1256 1391 1377 1455 aut
1404 1384 1765 1456 iacentem.
1808 1385 2065 1456 Videor
2110 1395 2335 1455 tamen
2382 1382 2543 1477 (nisi
2583 1384 2722 1454 for-

561 1532 689 1581 san
722 1510 856 1580 hoc
888 1509 1116 1602 ipsum
1158 1505 1411 1591 videri,
1450 1507 1636 1579 idem
1677 1529 1812 1599 ego
1852 1506 2018 1577 mihi
2054 1506 2477 1579 mendaciter
2503 1505 2716 1600 fingo)

559 1631 1020 1704 libentissime
1054 1639 1516 1702 surrecturus.
1563 1630 1701 1702 Sed
1743 1630 2171 1726 ponderibus
2213 1632 2388 1703 meis
2414 1653 2716 1726 premor,

558 1764 630 1826 et
673 1754 967 1826 invaluit
1012 1753 1083 1824 in
1135 1776 1247 1825 me
1286 1754 1542 1824 durum
1585 1753 1993 1824 inveteratae
2032 1754 2560 1826 consuetudinis
2618 1754 2723 1823 iu-

560 1900 758 1969 gum,
790 1899 832 1948 a
862 1878 1062 1949 cuius
1103 1878 1436 1949 servitute
1468 1876 1627 1970 quis
1654 1875 1977 1948 liberabit
2024 1899 2134 1948 me
2177 1877 2534 1963 miserum,
2588 1876 2718 1947 nisi

558 2003 891 2072 Dominus
937 2001 1049 2073 ille
1099 2002 1218 2095 qui
1256 2002 1452 2071 solvit
1500 1997 1912 2092 compeditos,
1969 2012 2032 2070 et
2081 2002 2419 2071 illuminat
2471 2001 2717 2071 coecos?

558 2125 861 2197 Fortuna
902 2135 1141 2197 contra
1193 2147 1306 2196 me
1354 2124 1695 2196 hactenus
1748 2136 2157 2220 perpetuum
2208 2124 2465 2196 bellum
2518 2125 2716 2217 gerit.

557 2247 710 2340 Ego
744 2259 977 2320 autem
1023 2249 1252 2320 sciens
1292 2250 1481 2342 quod
1531 2251 1926 2322 communio
1950 2251 2337 2324 discordias
2389 2250 2591 2345 parit,
2644 2258 2723 2321 ut

559 2369 626 2440 in
656 2393 831 2467 pace
866 2371 1101 2443 vivam
1128 2392 1217 2441 ne
1243 2369 1408 2463 quid
1440 2392 1805 2443 commune
1835 2392 2071 2443 secum
2114 2372 2430 2457 babeam,
2460 2371 2718 2469 laboro.

558 2493 871 2586 Imperia,
890 2513 1123 2582 regna,
1141 2490 1448 2573 divitias,
1479 2489 1776 2562 honores
1804 2503 2197 2585 caeteraque
2223 2494 2568 2565 eiusmodi
2595 2516 2722 2565 sua

560 2627 748 2700 sunt,
790 2625 860 2686 et
902 2614 1035 2684 sibi
1077 2612 1349 2684 habeat.
1387 2613 1567 2682 Nihil
1612 2625 1724 2685 est
1749 2615 1999 2686 horum
2039 2616 2232 2707 quod
2268 2638 2380 2686 me
2421 2627 2717 2687 moveat.

558 2738 724 2809 Mihi
759 2738 1049 2828 linquat,
1084 2736 1143 2805 si
1168 2757 1307 2828 qua
1345 2745 1533 2821 sunt,
1580 2735 1789 2805 animi
1816 2737 1951 2805 mei
1980 2735 2181 2808 bona.
2213 2739 2377 2808 Haec
2415 2739 2523 2809 sui
2565 2761 2721 2808 mu-

557 2859 743 2927 neris
772 2878 907 2926 non
934 2859 1234 2942 fuerunt,
1264 2867 1336 2928 et
1360 2878 1446 2927 ne
1475 2856 1584 2928 sui
1610 2856 1780 2927 iuris
1812 2857 1949 2927 sint
1974 2857 2232 2948 flagito.
2271 2856 2452 2940 Quid
2480 2858 2711 2939 saevit,

556 2975 724 3071 quid
750 2976 1095 3048 minatur?
1118 2977 1336 3048 Nimis
1362 2978 1484 3049 diu
1509 2976 1780 3049 debitor
1809 2999 1980 3047 suus
2011 2998 2188 3046 sum.
2216 2976 2564 3048 Calculum
2593 2996 2717 3069 po—

557 3121 831 3184 namus;
873 3103 1140 3172 auferat
1175 3122 1335 3194 quae
1370 3122 1498 3171 sua
1535 3111 1725 3182 sunt;
1755 3099 1960 3169 nimis
1990 3099 2111 3169 diu
2135 3098 2527 3194 depositum
2561 3095 2716 3166 eius

562 3245 789 3294 servo.
827 3223 1008 3305 Quid
1040 3225 1341 3316 cogitat?
1379 3224 1584 3295 Nulla
1624 3245 1814 3295 mora
1856 3231 1993 3307 est,
2034 3224 2298 3294 nullum
2341 3223 2717 3302 luctamen;

563 3350 752 3419 tollat
788 3348 1126 3442 quidquid
1161 3349 1228 3420 id
1257 3359 1392 3435 est,
1431 3346 1501 3419 et
1550 3368 1906 3441 nunquam
1960 3367 2337 3418 reversura
2385 3343 2717 3417 discedat.

559 3475 650 3544 Et
688 3481 878 3544 certe
912 3473 1044 3541 iam
1087 3479 1352 3568 partem
1394 3493 1531 3541 non
1571 3469 1903 3561 exiguam
1946 3467 2127 3554 tulit,
2180 3478 2253 3539 et
2303 3467 2373 3539 id
2423 3474 2723 3559 quantu-

560 3599 1003 3688 lumcumque
1034 3596 1222 3689 quod
1249 3604 1494 3679 restat,
1524 3593 1846 3665 odiosum
1890 3614 2067 3663 onus
2110 3601 2221 3663 est
2271 3588 2580 3661 humeris
2632 3587 2720 3658 ad

458 3750 463 3755 ·
563 3722 803 3791 altiora
828 3719 1229 3790 nitentibus,
1258 3716 1458 3802 Quod
1484 3718 1575 3789 ad
1600 3739 1854 3812 corpus
1881 3716 2138 3800 attinet,
2167 3738 2304 3787 non
2332 3737 2485 3784 sum
2513 3734 2721 3807 quem

565 3843 923 3936 reliquisti.
968 3842 1236 3935 Hospes
1264 3841 1572 3935 corporis
1603 3841 1758 3924 mei,
1794 3862 2032 3912 secum
2059 3840 2241 3910 male
2267 3836 2655 3909 concordan
2667 3857 2717 3919 S,

563 3964 1065 4057 implacabilem
1116 3965 1306 4034 litem
1359 3963 1522 4055 agit.
1601 3964 1769 4034 Haec
1818 3963 1999 4054 iugis
2054 3962 2416 4034 solicitudo
2475 3959 2719 4031 faciem

566 4107 789 4155 meam
843 4088 1138 4157 mutavit
1185 4096 1343 4158 ante
1393 4107 1639 4170 annoe,
1694 4085 1786 4157 ita
1841 4096 1917 4156 ut
1967 4087 2100 4157 iam
2154 4085 2278 4156 vix
2330 4084 2551 4178 primo
2608 4102 2720 4150 me

566 4226 947 4295 cognoscas
987 4230 1301 4279 occursu.
1355 4206 1575 4278 Huius
1619 4218 1850 4278 tamen
1892 4208 1991 4279 rei
2034 4229 2143 4279 me
2180 4229 2349 4278 cura
2389 4227 2526 4313 non
2569 4214 2718 4273 tan-
