3104 4805
1179 400 1710 450 PROLEGOMENON.
2347 405 2494 453 cxlx
2533 427 2536 438 ¹

399 540 503 613 Ep.
543 539 636 595 27.
676 541 873 595 Parno
904 540 1279 595 Bonomausi.
1301 571 1374 582 —
1392 541 1631 597 Litterae
1656 547 1776 597 twae
1802 549 2116 615 compater.

726 630 871 701 Arq.
915 629 985 684 Se
1028 629 1169 684 bene
1198 630 1400 685 valere.
1441 630 1522 685 De
1564 631 1718 687 obitu
1765 632 2080 706 Pandulphi
2113 634 2409 690 Malatestae
2445 640 2501 690 et

798 717 1060 773 Iohannis
1089 719 1300 790 Pepoli.
1333 718 1414 774 De
1445 720 1611 775 rebus
1641 722 1757 776 suis
1785 720 2165 776 familiaribus,

404 810 507 882 Ep.
546 809 637 866 28.
677 810 859 864 AzoNl
889 823 961 863 DE
988 808 1290 864 Conmmn.
1314 839 1385 850 —
1403 810 1643 864 Litterae
1670 817 1874 865 vestroe
1901 816 2123 866 cuncta.

725 898 870 969 Ary.
898 897 1220 952 Gratulatur
1239 896 1389 969 quod
1407 897 1465 952 in
1484 899 1720 968 gratiam
1737 899 2133 955 vicecomitum
2150 898 2501 957 dominorum

796 986 1290 1041 Mediolanensium
1319 985 1567 1040 redierit.

404 1079 506 1150 Ep.
548 1077 637 1132 29.
678 1076 1003 1132 anmsco
1031 1077 1238 1131 Pmom
1268 1075 1365 1131 SS.
1397 1075 1847 1131 Apum-omnum.
1870 1106 1941 1117 —
1961 1076 2212 1131 Litteras
2257 1082 2386 1131 tuas
2414 1077 2499 1132 iu-

805 1166 1172 1222 candissime.

729 1258 874 1328 Ary.
905 1257 1171 1311 Amorem
1199 1255 1391 1310 obesse
1418 1254 1641 1310 iudicio.

404 1349 508 1420 Ep.
553 1347 643 1403 30.
686 1347 982 1402 Gnmsmo
1011 1360 1084 1400 nt:
1108 1346 1470 1400 Pss‘rnenoo.
1493 1373 1565 1385 —
1585 1345 1834 1400 Litteras
1863 1350 1992 1400 tuas
2017 1343 2437 1399 ornatissimas.

727 1439 871 1509 Arq.
904 1436 1143 1491 Nunciat
1169 1435 1309 1491 duos
1334 1435 1540 1490 amicos
1567 1434 1890 1507 propediem
1916 1434 2078 1489 illum
2103 1433 2411 1501 invisuros‚
2447 1436 2501 1488 et

799 1527 867 1582 de
893 1527 1039 1582 dono
1067 1530 1287 1599 accepto
1316 1530 1498 1596 grates
1523 1525 1654 1596 agit.

404 1619 509 1688 Ep.
550 1617 639 1672 31.
680 1617 1032 1672 Pmnupno
1060 1615 1440 1671 MALATESTAE.
1462 1646 1534 1656 —
1552 1615 1779 1670 Littera
1804 1620 2010 1670 vestra.

729 1707 873 1777 Ar9.
923 1704 1161 1759 Excusat
1204 1721 1263 1760 se
1300 1704 1450 1777 quod
1492 1704 1823 1760 valetudinis
1856 1721 2022 1760 causa
2056 1704 2353 1760 Pisaurum
2388 1720 2500 1775 quo

798 1797 867 1851 ab
903 1812 968 1851 eo
1015 1795 1381 1851 advocabatur
1419 1812 1531 1851 non
1573 1796 1751 1851 adeat.
1798 1795 2035 1851 Nunciat
2076 1812 2137 1850 se
2172 1794 2234 1849 in
2269 1794 2500 1850 collibus

798 1886 1072 1959 Euganeis
1118 1886 1410 1941 rusticari:
1459 1890 1515 1940 et
1560 1884 1629 1939 de
1672 1890 1851 1939 morte
1892 1883 2083 1938 uxoris
2126 1883 2244 1938 eius
2289 1882 2499 1954 aliquid

793 1974 993 2029 innuit.

409 2062 517 2135 Ep.
556 2062 646 2118 32.
686 2063 872 2119 Nemo
899 2064 1207 2118 Memmio.
1228 2091 1301 2103 —-
1318 2057 1548 2116 Morari
1574 2077 1762 2133 coyor.

732 2155 876 2226 Arq.
927 2153 1215 2225 vituperat
1242 2168 1366 2207 eam
1393 2151 1672 2206 scribendi
1716 2151 1988 2226 rationem
2033 2167 2145 2223 qua
2174 2167 2350 2206 unum
2378 2152 2498 2224 plu-

796 2244 901 2298 rali
928 2259 1162 2298 numero
1191 2241 1524 2297 recentiores
1551 2242 1930 2313 alloquuntur.
1961 2240 2199 2296 Paulum
2237 2240 2500 2295 Annibal·

798 2332 1025 2388 descum
1069 2332 1257 2406 pusilli
1311 2331 1481 2386 animi
1535 2336 1756 2385 accusat
1809 2329 1957 2402 quod
2002 2329 2073 2384 ob
2118 2329 2217 2384 filii
2262 2336 2498 2384 mortem

799 2425 986 2479 dolore
1015 2423 1294 2478 confectus
1319 2427 1374 2477 et
1400 2423 1518 2494 ipse
1546 2422 1762 2476 obierit.

408 2514 516 2587 Ep.
556 2513 644 2568 33.
684 2514 770 2567 An
797 2526 1077 2567 IGNOTUM.
1099 2513 1448 2567 —Miratur
1474 2513 1574 2567 ille
1602 2513 1712 2566 vir.

726 2601 870 2672 Arq.
903 2601 973 2655 Se
1003 2601 1166 2672 culpa
1183 2616 1376 2654 vacare
1395 2599 1544 2672 quod
1564 2599 1772 2672 aliquid
1800 2600 1859 2653 in
1889 2598 2166 2655 Ciceronis
2195 2604 2250 2654 et
2277 2600 2496 2655 Senecae

796 2689 1056 2762 operibus
1081 2689 1508 2761 reprehensione
1538 2690 1770 2761 dig-num
1800 2690 2094 2744 censuerit.

404 2781 510 2854 ΕΡ.
551 2780 640 2834 34.
681 2779 1005 2834 memsco
1031 2779 1254 2834 Bauno.
1277 2779 1500 2855 —Nisi
1525 2780 1691 2834 valde
1716 2779 1982 2851 fortibus.

730 2869 873 2940 Ary.
904 2868 1162 2923 Amicum
1190 2867 1393 2922 iterum
1417 2866 1499 2922 illi
1523 2865 1891 2922 commendat.

406 2959 515 3030 ΕΡ.
555 2958 642 3012 35.
686 2957 980 3013 Gumssmo
1008 2972 1082 3012 ns
1108 2958 1473 3012 Pssrnnnao.
1495 2986 1569 2998 —-
1587 2956 1813 3011 Nomen
1841 2961 2007 3010 tuam
2034 2954 2267 3025 optime.

728 3048 871 3119 Ary.
904 3048 1142 3104 Nunciat
1170 3052 1407 3103 mortem
1436 3045 1698 3101 iohannis
1728 3044 1833 3100 sui.

402 3135 510 3208 ΕΡ.
551 3135 639 3190 36.
682 3135 1008 3190 ΒΕΝΕῡιοτο
1061 3134 1355 3192 Comitum:
1407 3134 1597 3189 Emsc.
1664 3133 1983 3187 Tul-:Arma
2028 3162 2100 3174 —
2141 3131 2273 3186 Non
2323 3131 2498 3187 aliter

804 3221 1043 3277 litteras.

726 3314 869 3385 Ary.
902 3313 1226 3369 Gratulatur
1251 3313 1573 3384 dignitatem
1599 3313 1681 3390 illi
1708 3313 1979 3368 collatam.

408 3404 515 3476 Ep.
556 3404 645 3458 37.
685 3404 875 3460 Momo
904 3405 1220 3459 Psmumsi.
1242 3404 1464 3458 —Non
1489 3405 1830 3476 coyitabam.

726 3495 869 3566 Ar9.
901 3493 1157 3566 Epistolae
1185 3494 1254 3549 ab
1281 3511 1346 3549 eo
1374 3500 1609 3566 acceptae
1633 3494 1873 3549 breviter
1898 3490 2212 3564 respondet.

407 3582 515 3654 Ep.
554 3582 644 3637 38.
683 3582 937 3637 N1como
966 3582 1288 3638 LAURENTII
1316 3583 1578 3639 Tmmmo
1616 3582 1758 3637 Pop.
1809 3582 1960 3636 Rom.
1982 3580 2205 3634 —Non
2233 3579 2496 3632 desinam

798 3672 1072 3742 quotidie.

730 3758 872 3831 Arq.
926 3759 1117 3814 Rebus
1159 3760 1352 3832 coeptis
1398 3758 1746 3832 perficiendis
1795 3758 2010 3812 animos
2052 3754 2230 3809 addit:
2286 3755 2498 3810 litteras

799 3849 916 3903 eius
959 3849 1271 3904 avidissime
1317 3849 1533 3922 exquiri
1571 3853 1628 3903 et
1654 3848 1712 3902 in
1749 3847 1948 3917 vulgus
1983 3846 2146 3913 ferri,
2192 3861 2496 3915 earumque

798 3938 990 3992 stilum
1019 3937 1125 3992 sihi
1152 3938 1389 3992 maxime
1414 3936 1658 4010 probari.

401 4027 511 4099 Ep.
552 4024 642 4079 39.
686 4025 877 4081 Perno
908 4028 1516 4083 Bononissxsn—Non
1543 4027 1815 4099 epistolas
1843 4029 1990 4079 tuas.

731 4116 871 4187 Ary.
921 4118 1203 4174 Nonnulla
1257 4119 1327 4173 de
1378 4117 1680 4190 Dyrrachio
1728 4114 1893 4171 urbe:
1945 4119 2002 4169 et
2046 4114 2256 4170 litteras
2308 4113 2498 4169 amicis

801 4204 1128 4275 quibusdam
1159 4206 1469 4262 reddendas
1496 4206 1681 4285 mittit.
