3104 4805
933 312 1117 360 mma
1162 310 1405 360 ramus
1429 329 1508 341 —
1531 310 1836 360 EPISTOLA
1878 314 1932 360 v.
2416 300 2494 360 49

1199 579 1549 645 EPISTOLA
1606 581 1672 643 V.

363 755 747 807 FRANCISCUS
779 754 1112 805 PETRARCA
1145 755 1376 805 IACOBO
1412 754 1724 804 COLUMNAE
1758 753 2059 802 EPISCOPO
2086 753 2501 806 LOMBERIENSI

1314 861 1365 908 S.
1402 861 1457 908 P.
1493 860 1554 908 D.

413 1026 775 1081 Familiariter
801 1026 1158 1097 conqueritur
1183 1026 1363 1096 quod,
1394 1042 1458 1080 eo
1485 1042 1597 1080 non
1626 1030 1934 1098 expectato,
1964 1026 2200 1080 Romam
2226 1025 2460 1097 petierit.

775 1113 947 1168 Multa
973 1112 1041 1167 de
1068 1113 1176 1167 fide
1202 1118 1257 1167 et
1283 1113 1653 1168 taciturnitate
1682 1120 2093 1169 commemorat.

564 1320 994 1393 Revertebar
1026 1341 1067 1390 e
1098 1319 1490 1406 Germania,
1528 1330 1600 1391 et
1629 1319 1764 1392 iam
1797 1322 2217 1414 Lugdunum
2265 1344 2514 1415 perve-

374 1466 627 1529 neram,
663 1465 945 1539 precum
984 1453 1257 1514 tuarum
1290 1453 1361 1514 et
1391 1442 1724 1515 desiderii
1756 1443 1894 1515 mei
1927 1445 2123 1516 uncis
2159 1446 2516 1517 retrahen-

378 1568 587 1651 tibus,
653 1589 792 1638 non
857 1577 993 1638 tam
1057 1565 1326 1659 poetico
1386 1577 1506 1637 aut
1564 1564 1880 1661 physico,
1949 1590 2157 1660 quam
2207 1566 2516 1639 cursorio

378 1711 570 1761 more
602 1688 957 1761 festinans.
994 1688 1095 1758 Illi
1127 1687 1366 1759 cursui
1398 1709 1556 1759 meo
1606 1687 2176 1759 molestissimum
2225 1692 2517 1761 fraenum

379 1810 693 1882 adhibuit
724 1810 1113 1904 insperatus
1149 1833 1413 1881 rumor:
1449 1810 1810 1901 aufugisse
1843 1821 1934 1896 te,
1973 1810 2310 1882 absentiae
2344 1833 2520 1883 meae

380 1935 577 2004 velut
607 1934 1106 2027 opportunitate
1138 1942 1436 2027 captata,
1467 1943 1537 2004 et
1563 1931 1714 2003 sine
1739 1955 1850 2003 me
1875 1934 2157 2004 Romam
2192 1932 2519 2025 petiisse:

381 2054 571 2149 quod
602 2059 898 2150 profecto
921 2080 1272 2150 nunquam
1299 2059 1635 2129 facturum
1670 2078 1833 2129 esse
1871 2055 2313 2150 promiseras.
2343 2055 2524 2140 Quid

382 2179 649 2252 dicam?
681 2178 974 2251 Amante
1005 2201 1144 2250 non
1177 2190 1405 2253 amato
1437 2180 1531 2251 nil
1565 2202 1724 2251 reor
1757 2201 1921 2251 esse
1953 2178 2302 2251 miserius.
2339 2177 2526 2261 Quo-

383 2302 591 2373 modo
624 2311 852 2372 autem
890 2310 987 2385 te,
1028 2323 1155 2373 seu
1187 2302 1443 2395 quibus
1477 2302 1775 2397 primum
1810 2301 2048 2373 verbis
2100 2299 2468 2393 aggrediar
2490 2304 2527 2370 ‘2

385 2421 843 2516 Suspitiosum
877 2445 992 2508 ne,
1030 2446 1121 2494 an
1156 2434 1426 2496 tuorum
1463 2433 2001 2517 contemptorem
2036 2426 2314 2519 putem?
2345 2423 2527 2494 Nihil

386 2545 697 2618 moribus
730 2547 957 2618 minus
995 2546 1130 2618 tuis
1166 2547 1509 2620 convenit.
1547 2547 1979 2619 Obliviosum
2013 2569 2283 2639 querar,
2322 2546 2530 2617 mira-

391 2678 497 2740 tor
520 2667 667 2762 ipse
690 2669 1041 2741 memoriae
1069 2672 1243 2740 tuae‘?
1268 2667 1710 2762 Fidefragum
1736 2669 1996 2741 dicam?
2022 2666 2146 2739 sed
2170 2667 2531 2740 notissima

391 2788 564 2862 fides
600 2801 716 2863 tua
749 2801 878 2863 est.
915 2791 1100 2875 Quid
1129 2795 1345 2884 ergo?
1380 2793 1482 2863 Tu
1514 2794 1738 2885 culpae
1770 2812 2024 2863 nomen
2065 2787 2407 2873 invenies,
2463 2799 2533 2859 et

392 2923 458 2983 te
489 2911 714 3006 ipsum
749 2912 1272 3000 condemnabis,
1310 2916 1425 2986 vel
1459 2913 1520 2985 si
1554 2915 1721 2986 libet
1770 2913 2126 2985 absolves:
2178 2910 2363 3004 apud
2412 2909 2534 2981 tri-

392 3033 599 3107 bunal
631 3047 823 3109 tuum
860 3047 1084 3110 tecum
1126 3037 1382 3129 agitur:
1422 3048 1495 3109 tu
1528 3036 1714 3108 idem
1765 3047 1835 3108 et
1883 3057 2047 3107 reus
2099 3045 2170 3106 et
2216 3034 2413 3105 testis
2465 3044 2535 3105 et

392 3157 606 3231 iudex
638 3158 800 3231 eris.
838 3160 1019 3231 Sede
1054 3158 1286 3251 igitur,
1341 3170 1412 3231 et
1459 3183 1731 3232 mecum
1782 3158 2279 3254 aliquantisper
2328 3179 2534 3251 aequo

393 3279 545 3350 iure
575 3280 903 3375 discepta.
938 3282 1192 3375 AEquat
1222 3282 1406 3353 enim
1440 3305 1633 3354 amor
1663 3282 1986 3377 imparia:
2029 3282 2217 3376 quod
2262 3280 2321 3351 si
2371 3302 2537 3352 con—

397 3411 505 3471 tra
537 3421 648 3470 me
678 3404 848 3474 forte
881 3405 1118 3497 lingua
1151 3414 1268 3478 tua
1301 3405 1872 3498 pronuntiaverit,
1911 3406 2001 3477 ad
2041 3403 2534 3476 conscientiam

397 3524 809 3618 provocabo.
851 3528 1217 3623 Responde
1249 3529 1469 3601 dolori
1502 3549 1655 3599 meo
1688 3526 2066 3620 quaerenti:
2122 3526 2260 3595 Cur
2293 3532 2368 3593 tu
2401 3523 2538 3592 Ro-

399 3667 559 3730 mae,
588 3668 718 3739 ego
743 3648 813 3718 in
842 3649 1054 3722 Gallia
1082 3654 1281 3723 sum?
1305 3650 1488 3735 Quid
1512 3658 1702 3720 tanto
1728 3645 2027 3719 divortio
2053 3644 2343 3736 dignum
2367 3642 2539 3714 feci?

396 3766 508 3839 An
535 3779 612 3839 ut
641 3769 897 3842 inutilis
924 3783 994 3843 et
1016 3773 1361 3846 inamoena
1386 3772 1659 3845 sarcina
1681 3771 1753 3842 in
1790 3780 2063 3862 tergum
2091 3764 2416 3837 abiicior‘?
2436 3766 2539 3836 De

399 3892 689 3965 utilitate
745 3894 1025 3986 quidem
1082 3896 1374 3968 videris:
1412 3895 1501 3967 de
1536 3895 1801 3988 reliquo
1831 3889 2179 3989 (quoniam
2213 3887 2409 3961 dolor
2435 3888 2540 3958 in-

398 4038 570 4107 gens
605 4016 941 4090 libertatis
976 4031 1284 4092 assertor
1315 4041 1477 4092 esse
1512 4017 1709 4114 solet)
1741 4018 1893 4112 ipse
1917 4013 2304 4109 pronuntio.
2339 4013 2541 4084 Nulla

400 4134 606 4229 igitur
644 4139 730 4236 (si
763 4152 831 4215 te
865 4142 1056 4240 novi)
1097 4143 1460 4229 amoenior,
1496 4145 1687 4216 nulla
1719 4140 1905 4215 curis
1934 4136 2071 4212 tuis
2096 4135 2542 4233 opportunior

697 4272 730 4309 ι.
2261 4257 2293 4305 4
