3104 4805
533 371 651 433 170
1205 382 1285 431 DE
1327 383 1527 432 naeus
1571 382 2015 432 rAmLumens

529 528 896 598 Araneam.
936 524 1294 618 Principiis
1334 524 1804 596 resistendum
1844 536 1979 597 est:
2031 527 2219 597 nulla
2268 527 2519 601 melius
2571 553 2679 602 re-

531 650 794 720 sistitur
831 668 985 743 ope‚
1030 668 1240 740 quam
1282 647 1561 740 vigiliis,
1630 647 1893 731 labore,
1964 647 2235 720 ieiunio.
2301 651 2491 733 Vidi,
2547 675 2682 746 ego

526 795 727 867 puer,
782 771 1106 842 iuvenem
1157 769 1644 864 podagricum:
1695 770 2022 843 eumdem
2075 793 2314 844 senem
2370 775 2681 869 podagra

526 895 819 968 liberum
867 893 1114 966 revidi.
1182 893 1494 977 Quaesivi
1560 917 1879 966 causam:
1934 897 2191 967 nullam
2253 898 2424 969 mihi
2474 900 2676 971 aliam

525 1018 847 1103 reddidit,
890 1040 1102 1112 quam
1142 1017 1331 1109 quod
1374 1039 1452 1089 se
1484 1019 1651 1089 vino
1692 1017 1967 1111 penitus
2001 1017 2420 1092 abdicasset.
2449 1023 2681 1094 Refert

527 1146 790 1230 Cicer0,
832 1155 904 1216 et
941 1153 1100 1240 post
1140 1144 1541 1215 Ciceronem
1582 1143 1727 1216 alii:
1770 1144 2118 1237 quosdam
2170 1145 2427 1218 divites
2466 1148 2676 1241 poda-

525 1290 651 1360 gra
691 1268 992 1351 inutileS,
1036 1288 1194 1337 cum
1238 1289 1580 1362 pauperes
1623 1268 1779 1339 facti
1815 1278 2083 1352 essent,
2130 1270 2402 1342 sanitati
2445 1271 2676 1342 reddi-

525 1402 655 1463 tos
697 1394 849 1463 Non
890 1390 1111 1461 audeo
1162 1389 1403 1461 iubere
1455 1401 1531 1461 ut
1586 1392 1683 1463 sis
1734 1415 2024 1485 pauper:
2068 1393 2388 1486 quamvis
2440 1391 2677 1465 iubere

524 1538 660 1587 non
698 1517 788 1586 sit
825 1535 1138 1599 necesse,
1187 1514 1246 1585 si
1291 1515 1504 1607 sapis.
1549 1515 1735 1585 Inter
1768 1527 2026 1587 caetera
2059 1515 2418 1609 professus
2458 1536 2556 1600 eS,
2601 1527 2678 1587 ut

524 1640 746 1723 audio,
794 1647 1243 1733 spontaneam
1284 1648 1785 1734 paupertatem.
1824 1637 1932 1708 An
1968 1640 2308 1710 mentior?
2343 1641 2542 1712 Certe
2576 1642 2679 1711 in-

524 1773 629 1832 tra
669 1761 1071 1853 religiosum
1111 1762 1346 1848 limen,
1385 1770 1457 1832 et
1489 1760 1881 1854 praesertim
1916 1760 2094 1832 intra
2127 1763 2447 1834 cellulam
2482 1786 2680 1835 men-

522 1885 838 1969 dicantis,
883 1888 1117 1956 nullus
1167 1885 1429 1958 divitiis
1480 1887 1678 1957 locus
1742 1895 1870 1957 est.
1938 1885 2303 1981 Opulentia
2368 1886 2555 1958 enim
2605 1898 2676 1958 et

524 2009 934 2083 mendicitas
973 2031 1111 2083 non
1146 2007 1458 2082 habitant
1492 2009 1721 2080 simul.
1760 2009 1830 2079 Si
1865 2020 2238 2104 paupertas
2262 2011 2674 2097 excluditur,

522 2155 774 2205 vereor
812 2155 901 2204 ne
942 2154 1079 2203 non
1122 2140 1263 2202 tam
1305 2155 1579 2215 aurum,
1624 2154 1852 2225 quam,
1897 2132 2087 2226 quod
2127 2132 2223 2203 ait
2255 2132 2673 2227 ApostoluS,

524 2251 959 2325 thesaurizes
1001 2253 1172 2322 iram
1215 2252 1285 2322 in
1325 2253 1436 2323 die
1477 2253 1621 2324 irae.
1666 2257 1767 2325 De
1820 2255 1953 2327 hoc
2004 2264 2236 2326 tamen
2286 2256 2435 2350 ipse
2486 2260 2684 2331 vide-

524 2376 645 2460 ris,
691 2373 809 2467 qui
843 2374 1210 2459 foederum‚
1251 2396 1411 2468 quae
1448 2399 1611 2449 cum
1646 2375 1922 2449 Christo
1957 2377 2208 2463 habeS,
2245 2381 2504 2474 optime
2537 2405 2685 2454 me-

521 2495 799 2565 ministi.
844 2497 913 2564 Si
954 2495 1208 2567 oblitus
1261 2518 1369 2579 es,
1425 2499 1663 2590 relege
1706 2510 2062 2591 pactorum
2113 2502 2675 2599 chirographum.

521 2617 842 2688 Invenies
874 2618 1042 2710 quid
1084 2628 1156 2689 tu
1200 2620 1293 2689 illi
1335 2622 1770 2715 promiseris,
1815 2623 1986 2713 quid
2027 2626 2139 2694 ille
2181 2625 2321 2695 tibi.
2358 2628 2529 2718 Ego,
2576 2630 2682 2699 in-

520 2763 754 2835 quam,
800 2762 938 2812 non
979 2740 1185 2813 iubeo
1226 2754 1302 2814 ut
1343 2764 1606 2836 pauper
1649 2743 1778 2824 sis;
1819 2764 1958 2813 non
1999 2745 2162 2837 quia
2213 2746 2330 2816 vel
2371 2747 2494 2816 tibi
2536 2771 2676 2820 non

519 2864 826 2959 expedit,
874 2867 982 2936 vel
1023 2885 1137 2936 me
1175 2887 1313 2938 non
1353 2865 1558 2937 decet
1595 2875 1667 2935 et
1704 2866 2022 2958 amplecti
2063 2863 2268 2937 fidele
2304 2867 2672 2940 consilium

518 2997 591 3059 et
627 2989 828 3071 dare;
872 2987 997 3059 sed
1036 2989 1197 3081 quia
1239 2988 1426 3082 piget
1467 2987 1683 3060 verba
1725 2988 2164 3081 profundere,
2209 2997 2280 3058 et
2318 2987 2673 3057 incassum

522 3110 726 3204 loqui.
768 3110 989 3182 Video
1029 3111 1215 3181 enim
1256 3112 1483 3207 ipsum
1554 3110 1676 3182 tibi
1742 3111 2162 3205 paupertatis
2202 3130 2454 3182 nomen
2506 3108 2670 3178 hor-

524 3233 811 3307 rendum
861 3245 931 3307 et
984 3233 1265 3317 infame3
1318 3233 1506 3327 quod
1555 3234 1714 3306 licet
1762 3236 2126 3329 amplexus
2170 3234 2285 3319 εἰς,
2325 3233 2674 3326 deponere

524 3370 766 3454 sponte
794 3381 929 3430 non
961 3368 1180 3452 potes
1219 3357 1394 3430 Illud
1423 3361 1666 3431 saltem
1692 3360 1995 3442 consulO,
2030 3356 2236 3430 vivas
2271 3367 2351 3427 ut
2382 3377 2676 3450 pauper:

520 3482 674 3554 haec
722 3492 832 3553 est
871 3483 983 3552 illa
1032 3502 1193 3575 quae
1242 3504 1281 3553 a
1332 3480 1764 3578 philosophis
1814 3481 2173 3573 frugalitas
2224 3480 2503 3566 dicitur,
2551 3500 2679 3551 vo-

520 3605 814 3678 luntaria
854 3613 1248 3700 paupertas.
1302 3607 1492 3677 Hanc
1543 3605 1665 3676 tibi
1720 3603 2010 3689 suadeo:
2062 3606 2242 3677 hanc
2293 3604 2414 3677 tibi
2468 3624 2675 3675 unam

520 3728 706 3800 viam
747 3750 1102 3824 corporeae
1143 3730 1387 3801 salutis
1414 3727 1728 3801 ostendo.
1766 3727 1959 3800 Alter
1989 3728 2108 3799 tibi
2143 3729 2392 3801 adsum
2422 3728 2680 3823 Hippo-

522 3861 770 3921 crates.
814 3849 1147 3924 Amarum
1188 3854 1360 3925 forte
1404 3853 1530 3924 sed
1568 3852 1845 3923 salubre
1880 3852 2333 3948 pharmacum
2368 3852 2673 3925 offertur.

525 3969 594 4037 Si
634 3972 745 4040 vis
788 3993 1001 4044 sanus
1065 3996 1251 4058 esse,
1322 3976 1488 4048 vive
1555 3985 1630 4046 ut
1694 3997 1975 4070 pauper.
2019 3978 2277 4048 Latens
2319 3997 2564 4047 aurum
2607 3977 2674 4044 in

524 4094 757 4164 arcula
798 4096 1026 4167 animo
1068 4108 1334 4170 tantum
1377 4111 1596 4171 nocet.
1651 4100 1893 4172 Victus
1944 4101 2300 4173 delicatior
2338 4110 2409 4171 et
2446 4099 2677 4168 animo

524 4224 723 4286 nocet
782 4224 854 4285 et
915 4220 1203 4310 corpori.
1269 4222 1565 4294 Proinde
1631 4224 1686 4293 si
1755 4226 2011 4317 pellere
2078 4224 2191 4296 vis
2259 4223 2670 4317 podagram,
