<?xml version="1.0" encoding="UTF-8"?>
<!DOCTYPE html PUBLIC "-//W3C//DTD XHTML 1.0 Transitional//EN"
    "http://www.w3.org/TR/xhtml1/DTD/xhtml1-transitional.dtd">
<html xmlns="http://www.w3.org/1999/xhtml" xml:lang="en" lang="en">
 <head>
  <title>
</title>
<meta http-equiv="Content-Type" content="text/html;charset=utf-8" />
  <meta name='ocr-system' content='tesseract 3.04.00' />
  <meta name='ocr-capabilities' content='ocr_page ocr_carea ocr_par ocr_line ocrx_word'/>
</head>
<body>
  <div class='ocr_page' id='page_1' title='image "./epistolaederebu00unkngoog_0221.png"; bbox 0 0 3104 4805; ppageno 0'>
   <div class='ocr_carea' id='block_1_1' title="bbox 880 364 2495 433">
    <p class='ocr_par' dir='ltr' id='par_1_1' title="bbox 880 364 2495 433">
     <span class='ocr_line' id='line_1_1' title="bbox 880 364 2495 433; baseline 0.002 -4"><span class='ocrx_word' id='word_1_1' title='bbox 880 397 885 401; x_wconf 89' lang='lat'><strong>·</strong></span> <span class='ocrx_word' id='word_1_2' title='bbox 938 381 1122 430; x_wconf 73' lang='lat' dir='ltr'>unsa</span> <span class='ocrx_word' id='word_1_3' title='bbox 1162 380 1405 431; x_wconf 74' lang='lat' dir='ltr'>ramus</span> <span class='ocrx_word' id='word_1_4' title='bbox 1426 382 1828 432; x_wconf 74' lang='lat' dir='ltr'>—Er1sr0LA</span> <span class='ocrx_word' id='word_1_5' title='bbox 1872 386 1927 433; x_wconf 91' lang='lat' dir='ltr'>v.</span> <span class='ocrx_word' id='word_1_6' title='bbox 2419 364 2495 433; x_wconf 79' lang='lat'>53&#39;</span> 
     </span>
    </p>
   </div>
   <div class='ocr_carea' id='block_1_2' title="bbox 364 530 2505 994">
    <p class='ocr_par' dir='ltr' id='par_1_2' title="bbox 364 530 2505 994">
     <span class='ocr_line' id='line_1_2' title="bbox 364 530 2498 625; baseline 0 -21"><span class='ocrx_word' id='word_1_7' title='bbox 364 555 497 617; x_wconf 88' lang='lat' dir='ltr'>cor,</span> <span class='ocrx_word' id='word_1_8' title='bbox 532 530 1039 624; x_wconf 85' lang='lat' dir='ltr'>quamprimum</span> <span class='ocrx_word' id='word_1_9' title='bbox 1074 531 1326 624; x_wconf 85' lang='lat' dir='ltr'>cogita,</span> <span class='ocrx_word' id='word_1_10' title='bbox 1356 531 1650 625; x_wconf 84' lang='lat' dir='ltr'>qualiter</span> <span class='ocrx_word' id='word_1_11' title='bbox 1675 542 1743 602; x_wconf 90' lang='lat' dir='ltr'>te</span> <span class='ocrx_word' id='word_1_12' title='bbox 1778 532 1944 602; x_wconf 92' lang='lat' dir='ltr'>mihi</span> <span class='ocrx_word' id='word_1_13' title='bbox 1973 533 2350 605; x_wconf 80' lang='lat' dir='ltr'>exundanti</span> <span class='ocrx_word' id='word_1_14' title='bbox 2386 533 2498 605; x_wconf 91' lang='lat' dir='ltr'>illo</span> 
     </span>
     <span class='ocr_line' id='line_1_3' title="bbox 367 653 2502 748; baseline -0.001 -21"><span class='ocrx_word' id='word_1_15' title='bbox 367 655 692 728; x_wconf 80' lang='lat' dir='ltr'>defendas</span> <span class='ocrx_word' id='word_1_16' title='bbox 726 654 1019 748; x_wconf 88' lang='lat' dir='ltr'>eloquio.</span> <span class='ocrx_word' id='word_1_17' title='bbox 1057 656 1277 739; x_wconf 89' lang='lat' dir='ltr'>Quam</span> <span class='ocrx_word' id='word_1_18' title='bbox 1311 677 1503 741; x_wconf 85' lang='lat' dir='ltr'>vere,</span> <span class='ocrx_word' id='word_1_19' title='bbox 1540 653 1709 725; x_wconf 89' lang='lat' dir='ltr'>nihil</span> <span class='ocrx_word' id='word_1_20' title='bbox 1744 656 1834 727; x_wconf 91' lang='lat' dir='ltr'>ad</span> <span class='ocrx_word' id='word_1_21' title='bbox 1866 677 2042 725; x_wconf 91' lang='lat' dir='ltr'>rem:</span> <span class='ocrx_word' id='word_1_22' title='bbox 2079 656 2283 727; x_wconf 94' lang='lat' dir='ltr'>modo</span> <span class='ocrx_word' id='word_1_23' title='bbox 2317 657 2502 727; x_wconf 86' lang='lat' dir='ltr'>veri-</span> 
     </span>
     <span class='ocr_line' id='line_1_4' title="bbox 367 775 2504 870; baseline -0 -22"><span class='ocrx_word' id='word_1_24' title='bbox 367 777 676 849; x_wconf 77' lang='lat' dir='ltr'>similiter</span> <span class='ocrx_word' id='word_1_25' title='bbox 716 777 886 849; x_wconf 89' lang='lat' dir='ltr'>satis</span> <span class='ocrx_word' id='word_1_26' title='bbox 919 778 1067 849; x_wconf 88' lang='lat' dir='ltr'>erit.</span> <span class='ocrx_word' id='word_1_27' title='bbox 1108 777 1405 848; x_wconf 82' lang='lat' dir='ltr'>Credere</span> <span class='ocrx_word' id='word_1_28' title='bbox 1455 788 1694 869; x_wconf 88' lang='lat' dir='ltr'>parato</span> <span class='ocrx_word' id='word_1_29' title='bbox 1742 778 1928 847; x_wconf 91' lang='lat' dir='ltr'>nulla</span> <span class='ocrx_word' id='word_1_30' title='bbox 1976 775 2299 847; x_wconf 84' lang='lat' dir='ltr'>inefficax</span> <span class='ocrx_word' id='word_1_31' title='bbox 2347 801 2504 870; x_wconf 87' lang='lat' dir='ltr'>per-</span> 
     </span>
     <span class='ocr_line' id='line_1_5' title="bbox 368 900 2505 994; baseline 0.001 -23"><span class='ocrx_word' id='word_1_32' title='bbox 368 900 603 972; x_wconf 86' lang='lat' dir='ltr'>suasio</span> <span class='ocrx_word' id='word_1_33' title='bbox 634 910 762 972; x_wconf 89' lang='lat' dir='ltr'>est.</span> <span class='ocrx_word' id='word_1_34' title='bbox 801 900 1080 972; x_wconf 82' lang='lat' dir='ltr'>Interim</span> <span class='ocrx_word' id='word_1_35' title='bbox 1115 900 1380 972; x_wconf 84' lang='lat' dir='ltr'>facilius</span> <span class='ocrx_word' id='word_1_36' title='bbox 1416 900 1733 986; x_wconf 88' lang='lat' dir='ltr'>inducar,</span> <span class='ocrx_word' id='word_1_37' title='bbox 1771 909 1849 971; x_wconf 90' lang='lat' dir='ltr'>ut</span> <span class='ocrx_word' id='word_1_38' title='bbox 1881 909 2019 970; x_wconf 85' lang='lat' dir='ltr'>tuae</span> <span class='ocrx_word' id='word_1_39' title='bbox 2052 901 2275 993; x_wconf 83' lang='lat' dir='ltr'>culpae</span> <span class='ocrx_word' id='word_1_40' title='bbox 2308 900 2505 994; x_wconf 80' lang='lat' dir='ltr'>igno-</span> 
     </span>
    </p>
   </div>
   <div class='ocr_carea' id='block_1_3' title="bbox 369 1022 2160 1233">
    <p class='ocr_par' dir='ltr' id='par_1_3' title="bbox 369 1022 2160 1233">
     <span class='ocr_line' id='line_1_6' title="bbox 369 1022 2160 1116; baseline 0.001 -24"><span class='ocrx_word' id='word_1_41' title='bbox 369 1044 585 1107; x_wconf 89' lang='lat' dir='ltr'>scam,</span> <span class='ocrx_word' id='word_1_42' title='bbox 622 1045 831 1116; x_wconf 91' lang='lat' dir='ltr'>quam</span> <span class='ocrx_word' id='word_1_43' title='bbox 864 1025 1157 1094; x_wconf 83' lang='lat' dir='ltr'>fortunae</span> <span class='ocrx_word' id='word_1_44' title='bbox 1189 1044 1389 1095; x_wconf 75' lang='lat' dir='ltr'>meae.</span> <span class='ocrx_word' id='word_1_45' title='bbox 1422 1025 1595 1096; x_wconf 85' lang='lat' dir='ltr'>Vale</span> <span class='ocrx_word' id='word_1_46' title='bbox 1627 1022 1845 1096; x_wconf 87' lang='lat' dir='ltr'>nostri</span> <span class='ocrx_word' id='word_1_47' title='bbox 1875 1046 2160 1097; x_wconf 89' lang='lat' dir='ltr'>memor.</span> 
     </span>
     <span class='ocr_line' id='line_1_7' title="bbox 648 1160 1443 1233; baseline 0.001 -18"><span class='ocrx_word' id='word_1_48' title='bbox 648 1161 931 1232; x_wconf 78' lang='lat' dir='ltr'>Lugduni,</span> <span class='ocrx_word' id='word_1_49' title='bbox 961 1162 1008 1215; x_wconf 90' lang='lat' dir='ltr'>V</span> <span class='ocrx_word' id='word_1_50' title='bbox 1035 1160 1167 1216; x_wconf 86' lang='lat' dir='ltr'>Idus</span> <span class='ocrx_word' id='word_1_51' title='bbox 1192 1161 1443 1233; x_wconf 84' lang='lat' dir='ltr'>Augusti.</span> 
     </span>
    </p>
   </div>
   <div class='ocr_carea' id='block_1_4' title="bbox 580 1508 2284 1726">
    <p class='ocr_par' dir='ltr' id='par_1_4' title="bbox 580 1508 2284 1726">
     <span class='ocr_line' id='line_1_8' title="bbox 1192 1508 1682 1575; baseline -0.006 0"><span class='ocrx_word' id='word_1_52' title='bbox 1192 1508 1547 1575; x_wconf 85' lang='lat' dir='ltr'><strong>EPISTOLA</strong></span> <span class='ocrx_word' id='word_1_53' title='bbox 1594 1510 1682 1573; x_wconf 85' lang='lat' dir='ltr'>vl.</span> 
     </span>
     <span class='ocr_line' id='line_1_9' title="bbox 580 1672 2284 1726; baseline -0.001 0"><span class='ocrx_word' id='word_1_54' title='bbox 580 1675 963 1726; x_wconf 71' lang='lat' dir='ltr'>rnANclscus</span> <span class='ocrx_word' id='word_1_55' title='bbox 998 1673 1335 1724; x_wconf 73' lang='lat' dir='ltr'><strong>PETRARGA</strong></span> <span class='ocrx_word' id='word_1_56' title='bbox 1363 1672 1593 1723; x_wconf 64' lang='lat' dir='ltr'>‘monne</span> <span class='ocrx_word' id='word_1_57' title='bbox 1617 1673 2008 1723; x_wconf 62' lang='lat' dir='ltr'>msssfflsmsr</span> <span class='ocrx_word' id='word_1_58' title='bbox 2043 1675 2094 1723; x_wconf 80' lang='lat' dir='ltr'>s,</span> <span class='ocrx_word' id='word_1_59' title='bbox 2134 1676 2189 1724; x_wconf 81' lang='lat' dir='ltr'>P.</span> <span class='ocrx_word' id='word_1_60' title='bbox 2225 1676 2284 1725; x_wconf 87' lang='lat' dir='ltr'>n.</span> 
     </span>
    </p>
   </div>
   <div class='ocr_carea' id='block_1_5' title="bbox 488 1814 2390 1887">
    <p class='ocr_par' dir='ltr' id='par_1_5' title="bbox 488 1814 2390 1887">
     <span class='ocr_line' id='line_1_10' title="bbox 488 1814 2390 1887; baseline -0.002 -14"><span class='ocrx_word' id='word_1_61' title='bbox 488 1817 799 1873; x_wconf 85' lang='lat' dir='ltr'>Detestatur</span> <span class='ocrx_word' id='word_1_62' title='bbox 825 1816 1235 1872; x_wconf 84' lang='lat' dir='ltr'>dialecticorum</span> <span class='ocrx_word' id='word_1_63' title='bbox 1260 1814 1482 1870; x_wconf 88' lang='lat' dir='ltr'>inanem</span> <span class='ocrx_word' id='word_1_64' title='bbox 1509 1820 1565 1869; x_wconf 86' lang='lat' dir='ltr'>et</span> <span class='ocrx_word' id='word_1_65' title='bbox 1591 1815 1986 1871; x_wconf 86' lang='lat' dir='ltr'>contentiosam</span> <span class='ocrx_word' id='word_1_66' title='bbox 2012 1816 2390 1887; x_wconf 84' lang='lat' dir='ltr'>petulantiam.</span> 
     </span>
    </p>
   </div>
   <div class='ocr_carea' id='block_1_6' title="bbox 380 2015 2535 4315">
    <p class='ocr_par' dir='ltr' id='par_1_6' title="bbox 380 2015 2535 4315">
     <span class='ocr_line' id='line_1_11' title="bbox 578 2015 2514 2109; baseline 0.001 -25"><span class='ocrx_word' id='word_1_67' title='bbox 578 2015 1042 2085; x_wconf 90' lang='lat' dir='ltr'>Temerarium</span> <span class='ocrx_word' id='word_1_68' title='bbox 1075 2024 1188 2087; x_wconf 91' lang='lat' dir='ltr'>est</span> <span class='ocrx_word' id='word_1_69' title='bbox 1217 2036 1375 2086; x_wconf 89' lang='lat' dir='ltr'>cum</span> <span class='ocrx_word' id='word_1_70' title='bbox 1417 2035 1501 2087; x_wconf 88' lang='lat' dir='ltr'>eo</span> <span class='ocrx_word' id='word_1_71' title='bbox 1533 2015 1736 2086; x_wconf 89' lang='lat' dir='ltr'>hoste</span> <span class='ocrx_word' id='word_1_72' title='bbox 1768 2015 2163 2107; x_wconf 81' lang='lat' dir='ltr'>confligere,</span> <span class='ocrx_word' id='word_1_73' title='bbox 2206 2015 2327 2109; x_wconf 92' lang='lat' dir='ltr'>qui</span> <span class='ocrx_word' id='word_1_74' title='bbox 2376 2038 2514 2087; x_wconf 92' lang='lat' dir='ltr'>non</span> 
     </span>
     <span class='ocr_line' id='line_1_12' title="bbox 383 2136 2520 2231; baseline -0 -23"><span class='ocrx_word' id='word_1_75' title='bbox 383 2146 519 2208; x_wconf 88' lang='lat' dir='ltr'>tam</span> <span class='ocrx_word' id='word_1_76' title='bbox 543 2136 899 2208; x_wconf 88' lang='lat' dir='ltr'>victoriam</span> <span class='ocrx_word' id='word_1_77' title='bbox 923 2137 1203 2230; x_wconf 87' lang='lat' dir='ltr'>appetit,</span> <span class='ocrx_word' id='word_1_78' title='bbox 1232 2159 1441 2231; x_wconf 89' lang='lat' dir='ltr'>quam</span> <span class='ocrx_word' id='word_1_79' title='bbox 1466 2148 1835 2208; x_wconf 84' lang='lat' dir='ltr'>certamen.</span> <span class='ocrx_word' id='word_1_80' title='bbox 1864 2136 2120 2208; x_wconf 91' lang='lat' dir='ltr'>Scribis</span> <span class='ocrx_word' id='word_1_81' title='bbox 2148 2137 2520 2230; x_wconf 87' lang='lat' dir='ltr'>quemdam</span> 
     </span>
     <span class='ocr_line' id='line_1_13' title="bbox 384 2258 2522 2353; baseline 0 -24"><span class='ocrx_word' id='word_1_82' title='bbox 384 2280 620 2330; x_wconf 89' lang='lat' dir='ltr'>senem</span> <span class='ocrx_word' id='word_1_83' title='bbox 654 2258 1081 2331; x_wconf 89' lang='lat' dir='ltr'>dialecticum</span> <span class='ocrx_word' id='word_1_84' title='bbox 1116 2259 1356 2330; x_wconf 88' lang='lat' dir='ltr'>litteris</span> <span class='ocrx_word' id='word_1_85' title='bbox 1391 2259 1568 2331; x_wconf 92' lang='lat' dir='ltr'>meis</span> <span class='ocrx_word' id='word_1_86' title='bbox 1600 2258 2217 2331; x_wconf 88' lang='lat' dir='ltr'>vehementissime</span> <span class='ocrx_word' id='word_1_87' title='bbox 2249 2282 2522 2353; x_wconf 92' lang='lat' dir='ltr'>permo-</span> 
     </span>
     <span class='ocr_line' id='line_1_14' title="bbox 383 2379 2521 2476; baseline 0.001 -23"><span class='ocrx_word' id='word_1_88' title='bbox 383 2392 557 2468; x_wconf 87' lang='lat' dir='ltr'>tum,</span> <span class='ocrx_word' id='word_1_89' title='bbox 618 2381 817 2474; x_wconf 90' lang='lat' dir='ltr'>quasi</span> <span class='ocrx_word' id='word_1_90' title='bbox 882 2379 1244 2454; x_wconf 88' lang='lat' dir='ltr'>artificium</span> <span class='ocrx_word' id='word_1_91' title='bbox 1320 2405 1523 2454; x_wconf 88' lang='lat' dir='ltr'>suum</span> <span class='ocrx_word' id='word_1_92' title='bbox 1583 2405 1714 2476; x_wconf 83' lang='lat' dir='ltr'>ego</span> <span class='ocrx_word' id='word_1_93' title='bbox 1779 2381 2300 2455; x_wconf 86' lang='lat' dir='ltr'>damnaverim:</span> <span class='ocrx_word' id='word_1_94' title='bbox 2364 2381 2521 2455; x_wconf 88' lang='lat' dir='ltr'>ideo</span> 
     </span>
     <span class='ocr_line' id='line_1_15' title="bbox 380 2484 2523 2600; baseline 0.001 -25"><span class='ocrx_word' id='word_1_95' title='bbox 380 2505 605 2597; x_wconf 93' lang='lat' dir='ltr'>palam</span> <span class='ocrx_word' id='word_1_96' title='bbox 636 2507 932 2575; x_wconf 83' lang='lat' dir='ltr'>fremere</span> <span class='ocrx_word' id='word_1_97' title='bbox 971 2516 1043 2576; x_wconf 89' lang='lat' dir='ltr'>et</span> <span class='ocrx_word' id='word_1_98' title='bbox 1072 2505 1320 2577; x_wconf 89' lang='lat' dir='ltr'>minari</span> <span class='ocrx_word' id='word_1_99' title='bbox 1352 2508 1568 2578; x_wconf 87' lang='lat' dir='ltr'>multa</span> <span class='ocrx_word' id='word_1_100' title='bbox 1602 2528 1678 2578; x_wconf 90' lang='lat' dir='ltr'>se</span> <span class='ocrx_word' id='word_1_101' title='bbox 1709 2528 1986 2600; x_wconf 84' lang='lat' dir='ltr'>quoque</span> <span class='ocrx_word' id='word_1_102' title='bbox 2019 2506 2089 2578; x_wconf 94' lang='lat' dir='ltr'>in</span> <span class='ocrx_word' id='word_1_103' title='bbox 2138 2484 2368 2577; x_wconf 89' lang='lat' dir='ltr'>studia</span> <span class='ocrx_word' id='word_1_104' title='bbox 2397 2528 2523 2577; x_wconf 94' lang='lat' dir='ltr'>no-</span> 
     </span>
     <span class='ocr_line' id='line_1_16' title="bbox 382 2625 2525 2701; baseline 0.001 -4"><span class='ocrx_word' id='word_1_105' title='bbox 382 2636 525 2698; x_wconf 90' lang='lat' dir='ltr'>stra</span> <span class='ocrx_word' id='word_1_106' title='bbox 566 2625 712 2697; x_wconf 90' lang='lat' dir='ltr'>suis</span> <span class='ocrx_word' id='word_1_107' title='bbox 753 2626 991 2698; x_wconf 89' lang='lat' dir='ltr'>litteris</span> <span class='ocrx_word' id='word_1_108' title='bbox 1034 2627 1468 2700; x_wconf 82' lang='lat' dir='ltr'>invecturum</span> <span class='ocrx_word' id='word_1_109' title='bbox 1499 2656 1513 2698; x_wconf 89' lang='lat'>:</span> <span class='ocrx_word' id='word_1_110' title='bbox 1554 2651 1675 2701; x_wconf 89' lang='lat' dir='ltr'>eas</span> <span class='ocrx_word' id='word_1_111' title='bbox 1722 2639 1787 2699; x_wconf 91' lang='lat' dir='ltr'>te</span> <span class='ocrx_word' id='word_1_112' title='bbox 1819 2630 2081 2701; x_wconf 86' lang='lat' dir='ltr'>litteras</span> <span class='ocrx_word' id='word_1_113' title='bbox 2122 2629 2354 2700; x_wconf 88' lang='lat' dir='ltr'>multis</span> <span class='ocrx_word' id='word_1_114' title='bbox 2403 2651 2525 2700; x_wconf 91' lang='lat' dir='ltr'>ne-</span> 
     </span>
     <span class='ocr_line' id='line_1_17' title="bbox 381 2750 2526 2846; baseline 0 -26"><span class='ocrx_word' id='word_1_115' title='bbox 381 2750 754 2844; x_wconf 92' lang='lat' dir='ltr'>quidquam</span> <span class='ocrx_word' id='word_1_116' title='bbox 789 2750 1146 2823; x_wconf 89' lang='lat' dir='ltr'>mensihus</span> <span class='ocrx_word' id='word_1_117' title='bbox 1187 2762 1622 2846; x_wconf 82' lang='lat' dir='ltr'>expectasse.</span> <span class='ocrx_word' id='word_1_118' title='bbox 1661 2754 1814 2826; x_wconf 92' lang='lat' dir='ltr'>Noli</span> <span class='ocrx_word' id='word_1_119' title='bbox 1844 2775 1964 2825; x_wconf 89' lang='lat' dir='ltr'>eas</span> <span class='ocrx_word' id='word_1_120' title='bbox 1989 2762 2354 2846; x_wconf 83' lang='lat' dir='ltr'>expectare</span> <span class='ocrx_word' id='word_1_121' title='bbox 2379 2773 2526 2822; x_wconf 89' lang='lat' dir='ltr'>am-</span> 
     </span>
     <span class='ocr_line' id='line_1_18' title="bbox 381 2872 2525 2968; baseline 0.001 -26"><span class='ocrx_word' id='word_1_122' title='bbox 381 2873 591 2966; x_wconf 82' lang='lat' dir='ltr'>plius3</span> <span class='ocrx_word' id='word_1_123' title='bbox 630 2872 837 2944; x_wconf 92' lang='lat' dir='ltr'>crede</span> <span class='ocrx_word' id='word_1_124' title='bbox 877 2873 1072 2956; x_wconf 90' lang='lat' dir='ltr'>mihi;</span> <span class='ocrx_word' id='word_1_125' title='bbox 1115 2897 1473 2968; x_wconf 90' lang='lat' dir='ltr'>nunquam</span> <span class='ocrx_word' id='word_1_126' title='bbox 1506 2875 1811 2947; x_wconf 85' lang='lat' dir='ltr'>venient.</span> <span class='ocrx_word' id='word_1_127' title='bbox 1838 2876 1983 2947; x_wconf 91' lang='lat' dir='ltr'>Hoc</span> <span class='ocrx_word' id='word_1_128' title='bbox 2020 2873 2380 2945; x_wconf 86' lang='lat' dir='ltr'>modestiae</span> <span class='ocrx_word' id='word_1_129' title='bbox 2416 2895 2525 2944; x_wconf 91' lang='lat' dir='ltr'>re-</span> 
     </span>
     <span class='ocr_line' id='line_1_19' title="bbox 380 2995 2519 3092; baseline 0.001 -28"><span class='ocrx_word' id='word_1_130' title='bbox 380 2996 656 3081; x_wconf 83' lang='lat' dir='ltr'>mansit,</span> <span class='ocrx_word' id='word_1_131' title='bbox 696 2995 847 3067; x_wconf 88' lang='lat' dir='ltr'>sive</span> <span class='ocrx_word' id='word_1_132' title='bbox 874 2995 934 3065; x_wconf 91' lang='lat' dir='ltr'>is</span> <span class='ocrx_word' id='word_1_133' title='bbox 964 2995 1099 3067; x_wconf 91' lang='lat' dir='ltr'>stili</span> <span class='ocrx_word' id='word_1_134' title='bbox 1123 2997 1369 3089; x_wconf 92' lang='lat' dir='ltr'>pudor,</span> <span class='ocrx_word' id='word_1_135' title='bbox 1410 2997 1564 3072; x_wconf 84' lang='lat' dir='ltr'>sive</span> <span class='ocrx_word' id='word_1_136' title='bbox 1597 2998 2006 3092; x_wconf 80' lang='lat' dir='ltr'>ignorantiae</span> <span class='ocrx_word' id='word_1_137' title='bbox 2028 2995 2369 3069; x_wconf 85' lang='lat' dir='ltr'>confessio</span> <span class='ocrx_word' id='word_1_138' title='bbox 2390 3005 2519 3067; x_wconf 90' lang='lat' dir='ltr'>est.</span> 
     </span>
     <span class='ocr_line' id='line_1_20' title="bbox 382 3118 2529 3212; baseline 0.002 -26"><span class='ocrx_word' id='word_1_139' title='bbox 382 3118 646 3211; x_wconf 80' lang='lat' dir='ltr'>Lingua</span> <span class='ocrx_word' id='word_1_140' title='bbox 710 3118 1175 3212; x_wconf 87' lang='lat' dir='ltr'>implacabiles</span> <span class='ocrx_word' id='word_1_141' title='bbox 1240 3123 1506 3193; x_wconf 91' lang='lat' dir='ltr'>calamo</span> <span class='ocrx_word' id='word_1_142' title='bbox 1568 3144 1707 3193; x_wconf 92' lang='lat' dir='ltr'>non</span> <span class='ocrx_word' id='word_1_143' title='bbox 1769 3120 2207 3193; x_wconf 85' lang='lat' dir='ltr'>contendunt.</span> <span class='ocrx_word' id='word_1_144' title='bbox 2272 3119 2529 3192; x_wconf 94' lang='lat' dir='ltr'>Nolunt</span> 
     </span>
     <span class='ocr_line' id='line_1_21' title="bbox 384 3241 2528 3338; baseline 0.002 -27"><span class='ocrx_word' id='word_1_145' title='bbox 384 3263 707 3334; x_wconf 88' lang='lat' dir='ltr'>apparere</span> <span class='ocrx_word' id='word_1_146' title='bbox 746 3264 955 3335; x_wconf 90' lang='lat' dir='ltr'>quam</span> <span class='ocrx_word' id='word_1_147' title='bbox 995 3242 1241 3315; x_wconf 83' lang='lat' dir='ltr'>frivola</span> <span class='ocrx_word' id='word_1_148' title='bbox 1293 3252 1457 3316; x_wconf 89' lang='lat' dir='ltr'>sunt</span> <span class='ocrx_word' id='word_1_149' title='bbox 1492 3243 1747 3338; x_wconf 90' lang='lat' dir='ltr'>quibus</span> <span class='ocrx_word' id='word_1_150' title='bbox 1798 3253 2182 3317; x_wconf 88' lang='lat' dir='ltr'>armantur:</span> <span class='ocrx_word' id='word_1_151' title='bbox 2234 3241 2528 3336; x_wconf 91' lang='lat' dir='ltr'>ideoque</span> 
     </span>
     <span class='ocr_line' id='line_1_22' title="bbox 385 3364 2529 3461; baseline 0.001 -29"><span class='ocrx_word' id='word_1_152' title='bbox 385 3384 576 3433; x_wconf 90' lang='lat' dir='ltr'>more</span> <span class='ocrx_word' id='word_1_153' title='bbox 609 3364 923 3437; x_wconf 89' lang='lat' dir='ltr'>Parthico</span> <span class='ocrx_word' id='word_1_154' title='bbox 954 3365 1323 3457; x_wconf 81' lang='lat' dir='ltr'>fugitivum</span> <span class='ocrx_word' id='word_1_155' title='bbox 1356 3388 1612 3461; x_wconf 82' lang='lat' dir='ltr'>pugnae</span> <span class='ocrx_word' id='word_1_156' title='bbox 1647 3390 1866 3460; x_wconf 79' lang='lat' dir='ltr'>genus</span> <span class='ocrx_word' id='word_1_157' title='bbox 1907 3376 2263 3452; x_wconf 87' lang='lat' dir='ltr'>exercent,</span> <span class='ocrx_word' id='word_1_158' title='bbox 2301 3374 2372 3436; x_wconf 88' lang='lat' dir='ltr'>et</span> <span class='ocrx_word' id='word_1_159' title='bbox 2404 3386 2529 3435; x_wconf 86' lang='lat' dir='ltr'>vo-</span> 
     </span>
     <span class='ocr_line' id='line_1_23' title="bbox 388 3485 2529 3583; baseline 0 -30"><span class='ocrx_word' id='word_1_160' title='bbox 388 3485 595 3556; x_wconf 90' lang='lat' dir='ltr'>latilia</span> <span class='ocrx_word' id='word_1_161' title='bbox 619 3485 836 3558; x_wconf 85' lang='lat' dir='ltr'>verba</span> <span class='ocrx_word' id='word_1_162' title='bbox 860 3487 1209 3575; x_wconf 80' lang='lat' dir='ltr'>iactanteS,</span> <span class='ocrx_word' id='word_1_163' title='bbox 1238 3490 1439 3583; x_wconf 89' lang='lat' dir='ltr'>quasi</span> <span class='ocrx_word' id='word_1_164' title='bbox 1462 3490 1692 3563; x_wconf 87' lang='lat' dir='ltr'>ventis</span> <span class='ocrx_word' id='word_1_165' title='bbox 1719 3491 1855 3561; x_wconf 90' lang='lat' dir='ltr'>tela</span> <span class='ocrx_word' id='word_1_166' title='bbox 1876 3489 2327 3561; x_wconf 87' lang='lat' dir='ltr'>committunt.</span> <span class='ocrx_word' id='word_1_167' title='bbox 2356 3485 2529 3554; x_wconf 91' lang='lat' dir='ltr'>Cum</span> 
     </span>
     <span class='ocr_line' id='line_1_24' title="bbox 388 3605 2530 3698; baseline 0.001 -21"><span class='ocrx_word' id='word_1_168' title='bbox 388 3608 516 3693; x_wconf 82' lang='lat' dir='ltr'>his,</span> <span class='ocrx_word' id='word_1_169' title='bbox 547 3617 624 3680; x_wconf 90' lang='lat' dir='ltr'>ut</span> <span class='ocrx_word' id='word_1_170' title='bbox 649 3608 814 3694; x_wconf 79' lang='lat' dir='ltr'>dixi,</span> <span class='ocrx_word' id='word_1_171' title='bbox 845 3630 973 3682; x_wconf 89' lang='lat' dir='ltr'>suo</span> <span class='ocrx_word' id='word_1_172' title='bbox 999 3632 1192 3682; x_wconf 92' lang='lat' dir='ltr'>more</span> <span class='ocrx_word' id='word_1_173' title='bbox 1215 3612 1631 3684; x_wconf 89' lang='lat' dir='ltr'>contendere</span> <span class='ocrx_word' id='word_1_174' title='bbox 1655 3610 2093 3682; x_wconf 89' lang='lat' dir='ltr'>temerarium</span> <span class='ocrx_word' id='word_1_175' title='bbox 2116 3617 2248 3688; x_wconf 85' lang='lat' dir='ltr'>est3</span> <span class='ocrx_word' id='word_1_176' title='bbox 2276 3605 2530 3698; x_wconf 85' lang='lat' dir='ltr'>quippe</span> 
     </span>
     <span class='ocr_line' id='line_1_25' title="bbox 386 3726 2531 3829; baseline -0 -30"><span class='ocrx_word' id='word_1_177' title='bbox 386 3731 509 3823; x_wconf 92' lang='lat' dir='ltr'>qui</span> <span class='ocrx_word' id='word_1_178' title='bbox 551 3753 889 3805; x_wconf 90' lang='lat' dir='ltr'>summam</span> <span class='ocrx_word' id='word_1_179' title='bbox 914 3736 1335 3829; x_wconf 81' lang='lat' dir='ltr'>voluptatem</span> <span class='ocrx_word' id='word_1_180' title='bbox 1359 3756 1455 3805; x_wconf 84' lang='lat' dir='ltr'>ex</span> <span class='ocrx_word' id='word_1_181' title='bbox 1479 3732 1915 3806; x_wconf 89' lang='lat' dir='ltr'>contentione</span> <span class='ocrx_word' id='word_1_182' title='bbox 1939 3727 2349 3824; x_wconf 89' lang='lat' dir='ltr'>percipiunt:</span> <span class='ocrx_word' id='word_1_183' title='bbox 2377 3726 2531 3822; x_wconf 90' lang='lat' dir='ltr'>qui-</span> 
     </span>
     <span class='ocr_line' id='line_1_26' title="bbox 389 3848 2529 3948; baseline -0.001 -26"><span class='ocrx_word' id='word_1_184' title='bbox 389 3851 522 3923; x_wconf 91' lang='lat' dir='ltr'>hus</span> <span class='ocrx_word' id='word_1_185' title='bbox 564 3874 703 3923; x_wconf 93' lang='lat' dir='ltr'>non</span> <span class='ocrx_word' id='word_1_186' title='bbox 741 3875 988 3925; x_wconf 88' lang='lat' dir='ltr'>verum</span> <span class='ocrx_word' id='word_1_187' title='bbox 1025 3856 1337 3927; x_wconf 88' lang='lat' dir='ltr'>invenire</span> <span class='ocrx_word' id='word_1_188' title='bbox 1370 3854 1798 3948; x_wconf 89' lang='lat' dir='ltr'>propositum</span> <span class='ocrx_word' id='word_1_189' title='bbox 1836 3859 1973 3936; x_wconf 88' lang='lat' dir='ltr'>est,</span> <span class='ocrx_word' id='word_1_190' title='bbox 2021 3848 2148 3922; x_wconf 89' lang='lat' dir='ltr'>sed</span> <span class='ocrx_word' id='word_1_191' title='bbox 2192 3849 2529 3920; x_wconf 90' lang='lat' dir='ltr'>altercari.</span> 
     </span>
     <span class='ocr_line' id='line_1_27' title="bbox 386 3971 2534 4072; baseline 0 -29"><span class='ocrx_word' id='word_1_192' title='bbox 386 3971 596 4069; x_wconf 87' lang='lat' dir='ltr'>Atqui</span> <span class='ocrx_word' id='word_1_193' title='bbox 637 3975 967 4048; x_wconf 90' lang='lat' dir='ltr'>Varronis</span> <span class='ocrx_word' id='word_1_194' title='bbox 1006 3977 1449 4072; x_wconf 88' lang='lat' dir='ltr'>proverbium</span> <span class='ocrx_word' id='word_1_195' title='bbox 1491 3988 1625 4048; x_wconf 87' lang='lat' dir='ltr'>est:</span> <span class='ocrx_word' id='word_1_196' title='bbox 1666 3974 1966 4046; x_wconf 90' lang='lat' dir='ltr'>Nimium</span> <span class='ocrx_word' id='word_1_197' title='bbox 1991 3972 2381 4046; x_wconf 83' lang='lat' dir='ltr'>altercando</span> <span class='ocrx_word' id='word_1_198' title='bbox 2412 3994 2534 4043; x_wconf 88' lang='lat' dir='ltr'>ve-</span> 
     </span>
     <span class='ocr_line' id='line_1_28' title="bbox 388 4093 2530 4192; baseline -0.002 -24"><span class='ocrx_word' id='word_1_199' title='bbox 388 4097 554 4169; x_wconf 84' lang='lat' dir='ltr'>ritas</span> <span class='ocrx_word' id='word_1_200' title='bbox 589 4099 941 4171; x_wconf 86' lang='lat' dir='ltr'>amitti-tur.</span> <span class='ocrx_word' id='word_1_201' title='bbox 976 4100 1128 4172; x_wconf 92' lang='lat' dir='ltr'>Noli</span> <span class='ocrx_word' id='word_1_202' title='bbox 1163 4109 1393 4170; x_wconf 79' lang='lat' dir='ltr'>autem</span> <span class='ocrx_word' id='word_1_203' title='bbox 1423 4097 1767 4192; x_wconf 87' lang='lat' dir='ltr'>trepidare</span> <span class='ocrx_word' id='word_1_204' title='bbox 1792 4118 1879 4167; x_wconf 91' lang='lat' dir='ltr'>ne</span> <span class='ocrx_word' id='word_1_205' title='bbox 1913 4095 1984 4166; x_wconf 94' lang='lat' dir='ltr'>in</span> <span class='ocrx_word' id='word_1_206' title='bbox 2018 4104 2332 4189; x_wconf 88' lang='lat' dir='ltr'>apertum</span> <span class='ocrx_word' id='word_1_207' title='bbox 2360 4093 2530 4166; x_wconf 89' lang='lat' dir='ltr'>scri-</span> 
     </span>
     <span class='ocr_line' id='line_1_29' title="bbox 390 4216 2535 4315; baseline -0.002 -27"><span class='ocrx_word' id='word_1_208' title='bbox 390 4228 610 4309; x_wconf 81' lang='lat' dir='ltr'>pturae</span> <span class='ocrx_word' id='word_1_209' title='bbox 650 4222 992 4315; x_wconf 87' lang='lat' dir='ltr'>solidique</span> <span class='ocrx_word' id='word_1_210' title='bbox 1030 4221 1347 4314; x_wconf 89' lang='lat' dir='ltr'>colloquii</span> <span class='ocrx_word' id='word_1_211' title='bbox 1396 4243 1716 4312; x_wconf 89' lang='lat' dir='ltr'>campum</span> <span class='ocrx_word' id='word_1_212' title='bbox 1765 4218 2207 4293; x_wconf 87' lang='lat' dir='ltr'>descendant.</span> <span class='ocrx_word' id='word_1_213' title='bbox 2243 4216 2328 4287; x_wconf 91' lang='lat' dir='ltr'>Hi</span> <span class='ocrx_word' id='word_1_214' title='bbox 2372 4223 2535 4287; x_wconf 91' lang='lat' dir='ltr'>sunt</span> 
     </span>
    </p>
   </div>
  </div>
 </body>
</html>
