3104 4805
1119 376 1644 431 PROLEGORENON.
2352 377 2456 423 xxl

678 643 754 706 IN
805 640 1184 706 FRANCISCI
1230 642 1644 706 PETRARCAE
1697 639 2090 705 EPISTOLAS

1154 855 1613 937 INDICES

465 1163 507 1216 1.
551 1162 833 1218 Codicum
868 1161 929 1215 in
955 1159 1161 1232 quibus
1194 1159 1531 1230 autographa
1565 1160 1652 1214 vel
1687 1159 2002 1231 apographa
2036 1173 2230 1214 earum
2267 1174 2349 1212 as-

692 1257 1003 1306 servantur.

438 1341 510 1395 11.
555 1341 905 1396 Litterarum
932 1356 1055 1410 quae
1082 1340 1139 1393 in
1166 1338 1342 1393 indice
1370 1339 1801 1411 Meneghelliano
1837 1342 1923 1395 vel
1967 1340 2350 1395 desiderantur
2442 1358 2450 1369 ’

691 1430 779 1483 vel
804 1444 1097 1501 perperam
1124 1430 1401 1483 Petrarcae-
1421 1431 1826 1485 adscribuntur.

412 1520 510 1574 ΙΙΙ.
549 1519 902 1574 Litterarum
930 1520 1175 1574 omnium
1202 1519 1473 1573 editarum
1500 1525 1556 1574 et
1573 1520 1905 1575 ineditarum
1940 1520 2031 1574 Fr.
2055 1520 2341 1573 Petrarcae.

414 1609 509 1663 IV.
553 1608 901 1663 Litterarum
928 1623 1049 1678 quae
1076 1614 1209 1662 sunt
1232 1609 1318 1664 De
1345 1610 1514 1663 robus
1539 1609 1955 1680 familiaribus.

444 1700 515 1753 V.
556 1698 906 1752 Litterarum
942 1697 1275 1752 Varianam.

418 1789 512 1844 v1.
554 1786 868 1842 Nominum
896 1801 1090 1840 eorum
1116 1786 1187 1840 ad
1213 1803 1354 1858 quos
1379 1786 1611 1857 singulae
1636 1786 1881 1858 epistolae
1907 1786 2087 1841 missae
2115 1793 2262 1841 sunt.

446 2541 526 2595 En
557 2540 684 2609 tibi,
704 2540 882 2593 lector
909 2538 1110 2607 amice,
1140 2538 1377 2592 indicem
1404 2537 1761 2609 epistolarum
1788 2534 2035 2588 omnium
2065 2532 2338 2587 Francisci
2357 2533 2453 2587 Pe-

312 2634 528 2698 trarcae‚
569 2629 638 2682 de
675 2628 882 2700 quihus
917 2627 1167 2681 notitiam
1203 2628 1338 2680 mihi
1375 2627 1714 2698 comparavi,
1753 2631 1872 2679 tum
1909 2641 2031 2695 quae
2068 2623 2274 2678 iamdiu
2312 2624 2453 2695 typis

307 2720 536 2789 vulgatae
562 2718 818 2785 suerunt,
851 2723 972 2770 tum
999 2732 1121 2786 quae
1148 2715 1434 2785 hucusque
1461 2714 1702 2782 ineditae,
1729 2713 1987 2784 primitus
2015 2712 2175 2766 hodie
2196 2713 2252 2765 in
2272 2713 2454 2766 lucem

307 2808 597 2878 prodeunt.
629 2805 736 2860 Eas
764 2806 845 2859 sic
872 2804 1161 2875 dispositas
1188 2805 1431 2858 invenies
1458 2811 1521 2858 ut
1549 2821 1660 2858 uno
1688 2811 1910 2874 aspectu
1937 2802 2234 2874 perspicias
2260 2807 2452 2856 utrum

307 2898 487 2951 adhuc
509 2897 669 2950 editae
697 2895 904 2950 suerint
932 2911 1001 2947 an
1027 2911 1166 2948 non:
1199 2911 1534 2965 rursusque,
1558 2894 1603 2947 si
1632 2893 1790 2947 editae
1806 2933 1819 2960 ‚
1842 2909 1951 2962 quo
1980 2891 2036 2944 in
2062 2891 2180 2945 loco
2206 2896 2455 2961 prostent

308 2987 609 3041 editionum
657 2985 881 3040 Venetae
926 2982 1039 3055 (an.
1081 2983 1275 3056 1503),
1321 2984 1649 3039 Basileensis
1692 2981 1806 3053 (an.
1847 2978 2041 3051 1554),
2071 2986 2124 3033 et
2160 2979 2452 3033 rarissimae

307 3075 694 3146 Lugdunensis
718 3072 834 3146 (an.
856 3072 1047 3145 1600:
1079 3073 1328 3128 omnium
1356 3090 1486 3128 vero
1516 3073 1790 3127 editarum
1817 3069 2260 3139 ineditarumque
2287 3067 2453 3121 veluti

308 3165 485 3219 fontes
521 3165 620 3218 tihi
658 3169 881 3235 pateant
916 3162 1140 3218 Codices
1176 3180 1276 3234 per
1302 3163 1544 3217 diversas
1570 3162 1737 3216 urbes
1766 3159 2028 3231 dispersi,
2058 3159 2114 3212 in
2142 3159 2343 3230 quibus
2369 3175 2455 3212 ea-

311 3271 435 3308 rum
461 3254 713 3325 exempla
740 3258 1051 3307 serventur:
1082 3270 1193 3325 quo
1229 3253 1324 3307 fiet
1356 3259 1420 3306 ut
1454 3251 1598 3306 facili
1636 3252 1852 3322 negotio
1888 3249 2272 3320 ambiguitates
2307 3265 2454 3303 erro-

316 3360 505 3415 resque
535 3359 675 3413 quos
702 3358 946 3412 praesens
971 3342 1135 3396 editio
1163 3358 1351 3396 cavere
1380 3358 1491 3396 non
1520 3342 1695 3413 potuit
1723 3358 2003 3396 removere
2031 3358 2220 3411 queaS.

446 3432 565 3510 Iam
584 3448 715 3485 vero
743 3431 789 3484 si
816 3431 1058 3501 epistolis
1078 3431 1307 3502 singulis
1326 3432 1443 3486 haec
1462 3431 1712 3485 codicum
1731 3431 2006 3486 adnotatio
2026 3430 2256 3485 extentis
2275 3427 2454 3482 verbis

315 3519 429 3572 fieri
461 3518 762 3585 debuisset,
793 3518 998 3572 eaedem
1026 3536 1245 3590 semper
1278 3518 1770 3574 demonstrationes
1806 3537 1917 3574 non
1954 3519 2071 3572 sine
2108 3517 2346 3571 maximo
2381 3515 2456 3568 le-

317 3609 557 3678 gentium
600 3606 817 3661 sasti'dio
862 3613 1238 3676 recursarent,
1286 3615 1340 3662 et
1384 3609 1622 3680 spatium
1669 3608 1833 3662 indici
1872 3605 2134 3677 capiendo
2172 3619 2312 3675 pene
2355 3602 2456 3655 im-

317 3713 567 3752 mensum
594 3696 997 3767 requirebatur.
1031 3697 1164 3760 Quae
1191 3695 1300 3750 duo
1336 3703 1398 3750 ut
1425 3697 1678 3764 vitarem,
1707 3697 1876 3748 alium
1912 3693 2033 3746 heic
2059 3693 2292 3745 indicem
2322 3708 2457 3762 prae-

316 3787 602 3858 cipuorum
648 3786 910 3840 Codicum
955 3786 1354 3841 subiiciendum
1400 3785 1561 3854 duxi,
1616 3786 1672 3838 in
1720 3800 1830 3855 quo
1884 3781 2113 3851 singulis
2167 3780 2456 3835 Codicibus

315 3877 543 3948 singulae
580 3876 916 3947 respondent
959 3876 1154 3930 litterae
1198 3875 1583 3954 alphabeticae0
1632 3891 1755 3944 quae
1793 3872 2147 3943 epistolarum
2183 3872 2339 3926 lateri
2365 3872 2458 3926 ad-

316 3967 529 4038 scriptae
575 3967 838 4021 lectorem
882 3967 1012 4020 satis
1058 3971 1284 4020 monent
1318 3969 1381 4019 ut
1417 3963 1670 4018 Codicem
1708 3963 1766 4016 in
1803 3967 1912 4032 quo
1947 3961 2168 4015 illarum
2203 3961 2460 4032 quaelibet

316 4061 461 4110 extat
496 4057 681 4110 statim
718 4056 974 4110 inveniat.
1014 4055 1078 4109 Id
1103 4062 1288 4110 tamen
1315 4057 1486 4110 lector
1512 4053 1938 4121 animadvertat,
1975 4050 2199 4105 Codices
2234 4067 2267 4104 a
2300 4049 2459 4104 nobis

314 4143 509 4198 litteris
532 4143 600 4198 D.
625 4143 686 4197 E.
710 4142 773 4196 F.
798 4143 1107 4214 designatos
1134 4143 1397 4198 tredecim
1425 4147 1642 4197 tantum
1662 4146 1967 4212 postremos
1986 4138 2155 4193 libros
2181 4140 2264 4193 De
2291 4136 2460 4190 rebus

319 4232 711 4298 familiaribus
740 4229 1058 4302 complecti,
1086 4231 1159 4287 ita
1185 4236 1247 4286 ut
1275 4231 1370 4304 qui
1400 4230 1457 4285 in
1488 4230 1596 4285 illis
1623 4228 1761 4284 liber
1787 4234 1870 4284 est
1896 4227 2138 4300 primus,
2163 4225 2245 4280 vel
2271 4238 2461 4279 secun-
