3104 4805
891 368 1075 416 mnan
1116 364 1888 419 SECUNDUs.—EPISTOLA
1933 368 2018 415 111.
2459 355 2528 415 91

378 516 626 588 collum
663 510 1098 583 subduxisse
1148 511 1538 596 securibus,
1579 511 1783 583 morti
1823 524 2235 605 praereptOS,
2272 524 2344 585 et
2376 536 2540 606 pro-

382 632 688 731 speritati
736 632 1019 705 eximiae
1084 644 1502 706 reservatos.
1563 634 1782 705 Nemo
1847 657 2152 727 unquam
2214 646 2353 707 tam
2410 636 2541 705 ini-

380 779 519 852 quo
559 758 708 827 loco
758 754 994 838 iacuit,
1034 766 1110 826 ut
1143 777 1277 827 non
1313 756 1379 826 ei
1412 756 1653 828 liceret
1683 757 1921 828 oculos
1957 760 2297 828 attollere:
2333 779 2538 830 nemo

382 892 519 952 tam
553 879 988 970 deploratum
1030 898 1263 947 rerum
1308 899 1595 948 suarum
1636 877 1814 949 vidit
1854 877 2152 961 exitum,
2198 886 2275 946 ut
2307 878 2541 969 prohi-

382 1001 666 1072 beretur
703 1020 986 1091 sperare
1012 997 1317 1068 meliora.
1357 997 1762 1068 Ciceronem
1797 997 1888 1068 ab
1920 998 2131 1070 exilio
2181 1000 2402 1069 Roma
2434 1020 2544 1068 re-

386 1121 691 1195 vocavit:
732 1120 982 1192 diebus
1036 1118 1280 1211 paucis
1328 1119 1597 1209 egregii
1644 1118 1819 1190 civis
1882 1120 2254 1212 praesentia
2304 1140 2544 1191 carere

389 1246 511 1315 vix
540 1245 780 1337 potuit.
808 1241 1192 1313 Revocavit
1211 1252 1281 1311 et
1308 1242 1690 1323 Metellum;
1725 1241 1835 1312 cui
1869 1264 2028 1312 cum
2055 1243 2125 1311 in
2154 1244 2546 1334 spectaculo

390 1364 729 1436 Trallibus
773 1363 1045 1435 sedenti
1086 1360 1807 1434 bonorificentissimae
1841 1362 2114 1447 litterae,
2155 1375 2439 1434 senatus
2479 1374 2551 1433 et

389 1488 615 1581 populi
634 1487 925 1558 Romani
951 1486 1246 1564 nomine,
1266 1474 1740 1569 redderentur,
1769 1485 1935 1555 nibil
1964 1486 2030 1554 in
2060 1485 2363 1557 laetitiam
2392 1508 2553 1556 ver-

393 1630 543 1693 suS,
587 1608 834 1680 eodem
874 1609 1071 1679 vultu
1120 1606 1275 1690 fuit,
1326 1626 1466 1698 quo
1521 1607 1779 1678 moenia
1839 1607 2033 1678 urbis
2083 1608 2373 1678 exierat.
2429 1608 2553 1677 Vir

395 1754 522 1803 nec
570 1730 900 1821 digressu
951 1728 1255 1812 fractior,
1311 1750 1441 1798 nec
1489 1727 1894 1800 insolentior
1944 1729 2197 1812 reditu,
2252 1729 2386 1800 illic
2431 1752 2554 1822 pa-

396 1852 548 1922 triae
586 1852 798 1923 furori
838 1852 1076 1934 cessit,
1121 1850 1235 1921 bic
1275 1849 1627 1921 desiderio
1669 1849 1926 1941 paruit;
1970 1849 2104 1920 illic
2144 1849 2547 1930 modestuS,

396 1973 510 2044 hic
541 1972 732 2063 pius:
769 1971 1136 2063 utrobique
1171 1970 1663 2041 memorabilis.
1702 1969 2020 2041 Tentavit
2052 1971 2198 2061 pari
2234 1968 2554 2039 facilitate

395 2093 748 2173 Rutilium
793 2093 924 2164 sed
962 2093 1074 2162 ille
1113 2092 1354 2163 durior
1395 2091 1665 2175 mansit,
1708 2102 1779 2161 et
1809 2091 2100 2183 patriam
2135 2089 2362 2160 reditu
2393 2110 2556 2158 cen-

401 2216 538 2287 suit
576 2216 934 2308 indignam
978 2237 1126 2285 suo.
1171 2215 1436 2284 Eadem
1476 2214 1702 2283 fuerat
1754 2234 1907 2282 sors
1958 2210 2294 2281 Marcelli:
2338 2232 2558 2280 even-

401 2347 513 2408 tus
545 2339 752 2430 longe
791 2337 1002 2421 alius;
1045 2336 1193 2428 qui,
1238 2334 1404 2405 dum
1450 2343 1819 2405 revocatus
1856 2355 1899 2404 a
1932 2332 2235 2416 Caesare,
2284 2352 2555 2401 summo

401 2460 752 2533 desiderio
790 2460 1128 2532 bonorum
1170 2459 1479 2530 omnium
1516 2457 1824 2540 redienS,
1863 2456 1933 2524 in
1967 2455 2238 2526 hostem
2277 2453 2559 2524 incidis—

406 2593 534 2666 set,
569 2584 887 2655 effectum
937 2593 1073 2665 est,
1121 2590 1199 2652 ut
1239 2581 1309 2650 in
1351 2583 1575 2650 locum
1628 2578 1975 2670 perdulcis
2016 2574 2549 2668 expectationis,

405 2705 723 2800 publicus
750 2707 973 2777 luctus
1011 2704 1386 2783 incederet3
1420 2700 1533 2771 cui
1569 2711 1858 2770 mortem
1897 2710 2125 2770 tamen
2166 2699 2348 2768 illam
2382 2719 2562 2766 nun-

406 2851 611 2921 quam
674 2826 888 2898 exilio
950 2825 1399 2898 difficiliorem
1458 2822 1678 2892 fuisse
1743 2819 2177 2891 crediderim.
2255 2818 2401 2887 Una
2450 2827 2559 2886 est

406 2948 587 3020 enim
626 2948 883 3032 virtuS,
914 2967 1102 3039 quae,
1133 2944 1348 3019 variis
1383 2944 1543 3015 licet
1577 2940 2070 3034 asperitatibus
2106 2935 2554 3030 perferendis,

408 3069 671 3141 animos
711 3079 955 3153 armat,
1001 3078 1209 3160 atque
1251 3066 1550 3136 instruit.
1591 3063 1844 3133 Fuerat
1883 3069 2114 3130 autem
2144 3058 2255 3130 hic
2295 3058 2364 3126 in
2407 3056 2559 3127 exi-

408 3192 494 3265 lio
535 3192 716 3277 talis,
762 3201 839 3262 ut
879 3213 1207 3282 magnum
1246 3189 1357 3259 sui
1396 3186 1745 3279 praeberet
1785 3181 2139 3265 indicium,
2196 3162 2420 3273 qualis
2454 3180 2563 3250 fu-

413 3324 607 3384 turus
649 3324 838 3398 esset
876 3313 941 3381 in
981 3321 1224 3383 morte.
1260 3313 1362 3382 De
1400 3333 1541 3403 quo
1585 3329 1721 3386 non
1765 3305 2007 3377 tacebo
2041 3303 2239 3396 quid,
2283 3302 2352 3370 in
2388 3300 2564 3371 libro

408 3434 499 3506 de
530 3434 783 3507 virtute
815 3436 907 3507 ad
946 3435 1373 3517 Ciceronem,
1411 3433 1668 3502 Brutus
1705 3431 1942 3500 refert:
1986 3426 2255 3497 vidisse
2291 3445 2366 3492 se
2401 3441 2560 3490 eum

409 3555 731 3627 videlicet
765 3555 1115 3650 Mitylenis
1154 3555 1435 3625 exulem
1477 3562 1617 3620 tam
1659 3549 1952 3618 infracto
1993 3535 2247 3623 animo,
2287 3551 2566 3628 tamque

409 3677 619 3751 avido
673 3677 1015 3749 bonorum
1076 3676 1493 3755 studiorum,
1550 3681 1829 3759 tamque
1907 3663 2209 3754 denique
2283 3656 2567 3728 feliciter

413 3799 752 3891 beateque
792 3799 1154 3892 disposito,
1203 3808 1279 3869 ut
1317 3817 1455 3866 non
1497 3792 1610 3864 ille
1653 3789 1816 3873 sibi,
1861 3782 2185 3881 quamvis
2219 3784 2426 3872 longe
2460 3802 2572 3849 re-

411 3923 714 4012 legatae,
745 3921 873 3994 sed
902 3922 1051 4015 ipse
1089 3919 1321 4013 potius
1363 3917 1564 4000 exul,
1608 3935 1826 4005 quum
1868 3908 2102 3979 abillo
2143 3903 2566 3986 discederet,

416 4039 798 4112 videretur.
863 4041 1074 4115 Addit
1132 4041 1342 4112 etiam
1409 4037 1650 4110 Caium
1705 4032 1953 4104 Iulium
2002 4030 2396 4108 Caesarem,
2452 4025 2570 4116 qui

417 4161 550 4235 sibi
581 4173 653 4236 et
691 4164 1027 4238 exulandi
1062 4173 1304 4235 auctor
1343 4162 1591 4242 fuerat,
1637 4168 1707 4229 et
1749 4151 2188 4247 postmodum
2234 4144 2569 4218 redeundi
