3104 4805
546 385 624 445 80
1214 392 1296 442 nr,
1338 394 1537 443 nunus
1583 392 2026 442 FAmuAmssus

546 550 943 633 praestatur‚
983 541 1141 610 illuc
1177 541 1484 627 tandem,
1529 564 1671 634 quo
1721 544 2000 613 fratrem
2045 553 2240 613 tuum
2283 545 2698 615 translatum

542 662 981 745 confidimuS,
1036 683 1197 731 esse
1247 672 1605 733 venturos.
1660 664 1799 734 Sed
1849 663 2016 755 quid
2066 664 2338 733 interim
2406 666 2700 735 faciam?

542 785 797 855 dixerit
848 783 1141 876 aliquis;
1205 784 1552 855 desiderio
1604 795 1981 877 torqueor,
2063 807 2298 856 amore
2350 789 2691 876 langueO,

540 905 874 976 aviditate
923 906 1193 976 crucior
1243 907 1526 976 fratrem
1579 907 1960 978 revidendi.
2000 906 2182 988 Quid
2232 908 2445 978 facias
2487 909 2694 991 aliud,

540 1028 671 1097 nisi
723 1027 912 1120 quod
961 1030 1183 1098 facere
1237 1031 1511 1112 solent,
1592 1028 1712 1120 qui
1788 1010 1958 1099 casu
2009 1026 2240 1121 aliquo
2291 1051 2330 1099 a
2384 1032 2698 1122 personis

538 1149 918 1220 carissimis
955 1151 1388 1220 avelluntur?
1421 1151 1826 1220 memoriam
1861 1151 2173 1235 retinent,
2201 1162 2271 1222 et
2305 1152 2694 1223 absentium

540 1272 907 1363 imaginem
960 1272 1298 1363 profunda
1353 1281 1581 1341 mente
1631 1273 2077 1343 custodiunt:
2130 1273 2282 1343 illos
2316 1285 2567 1358 amant,
2606 1275 2694 1345 de

538 1392 670 1465 illis
722 1399 1128 1486 loquuntur,
1184 1392 1316 1463 illis
1368 1414 1783 1485 prosperum
1836 1404 2075 1487 optant
2125 1395 2272 1465 iter.
2336 1396 2521 1465 Idem
2589 1399 2693 1463 fac

543 1516 676 1608 (et,
721 1525 956 1584 certus
1002 1537 1189 1596 sum,
1224 1514 1359 1583 iam
1394 1514 1675 1608 fecisti):
1705 1517 1985 1586 fratrem
2028 1527 2225 1588 tuum
2266 1516 2335 1585 in
2375 1538 2459 1585 ea
2500 1526 2694 1608 parte

538 1637 767 1707 cordis
820 1637 1196 1723 absconde,
1257 1638 1439 1709 unde
1490 1641 1676 1709 nulla
1724 1660 1884 1709 eum
1939 1642 2142 1731 pellat
2192 1639 2466 1713 oblivio.
2496 1641 2690 1709 Illum

536 1759 743 1849 dilige
785 1762 1158 1851 sepultum,
1205 1769 1280 1828 ut
1321 1760 1675 1830 viventem
1704 1761 2042 1845 dilexisti,
2083 1765 2193 1832 vel
2229 1762 2437 1832 etiam
2479 1764 2693 1831 multo

536 1882 1047 1954 vehementius.
1102 1884 1299 1953 lllum
1351 1904 1523 1973 coge
1578 1884 1834 1976 saepius
1886 1885 1977 1955 ad
2028 1895 2094 1954 te
2148 1884 2447 1968 reverti,
2503 1906 2691 1954 com-

537 2005 1034 2074 memoratione
1075 2003 1188 2094 pia
1236 2012 1304 2073 et
1343 2005 1710 2095 frequenti.
1763 2006 2055 2075 Precare
2096 2005 2225 2074 iter
2268 2015 2342 2076 ut·
2383 2006 2688 2076 faustum

540 2123 671 2194 sibi
747 2127 1101 2214 contingat
1184 2135 1294 2207 et,
1381 2128 1664 2196 calcatis
1739 2127 1987 2219 perfidi
2067 2127 2291 2199 hostis
2374 2128 2686 2208 insidiis,

534 2251 741 2317 velox
795 2248 865 2315 in
908 2245 1201 2337 patriam
1254 2246 1541 2316 reditus.
1596 2249 1837 2338 Neque
1902 2251 2086 2320 enim
2153 2252 2304 2321 haec
2376 2260 2495 2320 aut
2568 2269 2690 2340 pa-

537 2370 667 2439 tria
737 2377 976 2438 nostra
1040 2375 1178 2449 est,
1259 2375 1378 2436 aut
1430 2369 1653 2438 suerat
1721 2390 1889 2451 sua,
1949 2372 2067 2442 ubi
2140 2382 2212 2442 et
2285 2396 2414 2445 nos
2489 2396 2689 2467 pere-

534 2489 895 2577 grinamur
945 2487 1215 2570 adhuc,
1269 2498 1338 2556 et
1411 2509 1604 2557 eum·
1653 2489 1864 2560 irritis
1917 2493 2100 2562 votis
2163 2496 2709 2586 expectavimus-

534 2608 623 2678 ad
699 2609 980 2677 meliora
1033 2619 1533 2700 properantem.
1614 2612 1918 2682 Exilium
1981 2625 2087 2684 est
2165 2616 2340 2684 hoc:
2396 2618 2543 2708 ipse
2620 2618 2688 2684 in

532 2728 825 2822 patriam
902 2732 1249 2821 profectus
1346 2740 1474 2800 est.
1542 2732 1838 2801 Oremus
1917 2744 1992 2803 ut
2069 2756 2316 2824 sospes
2391 2746 2460 2803 et
2537 2737 2688 2803 sinc

532 2851 769 2921 labore
847 2851 1225 2943 perveniat.
1305 2851 1381 2923 ld
1454 2852 1548 2922 illi
1626 2853 1961 2944 prodesse
2024 2854 2316 2945 poterit:
2384 2854 2453 2923 id
2518 2875 2687 2943 aga-

533 2996 737 3043 mus:
800 2974 989 3066 pium
1056 2974 1373 3066 obsequii
1416 2996 1642 3066 genus
1688 2983 1796 3043 est
1862 2997 1987 3065 pro
2053 2975 2395 3044 defunctis
2460 2995 2680 3043 orare.

529 3095 865 3165 Lacrimae
915 3107 1144 3167 autem
1200 3108 1361 3167 sunt
1412 3119 1605 3166 arma
1655 3097 2065 3167 mulierum:
2120 3095 2310 3165 viros
2375 3117 2511 3165 non
2565 3096 2686 3165 de-

527 3226 709 3299 cent,
749 3217 884 3288 nisi
925 3219 1500 3290 moderatissimae
1539 3221 1774 3289 forsan
1809 3229 2019 3310 atque
2060 3217 2460 3310 rarissimae.
2497 3216 2685 3286 Alio-

528 3343 695 3434 quin
743 3354 812 3413 et
861 3344 1315 3415 fundentibus
1366 3366 1487 3414 eas
1551 3345 1884 3428 officiunt,
1959 3353 2029 3412 et
2102 3342 2237 3411 illis
2288 3363 2427 3410 non
2477 3340 2685 3434 profi-

526 3464 742 3549 ciunt,
788 3486 1083 3557 quorum
1125 3481 1359 3537 amore
1401 3467 1808 3537 funduntur.
1852 3467 1920 3535 Si
1963 3464 2222 3557 quibus
2255 3463 2463 3534 etiam
2507 3485 2688 3534 nunc

528 3587 852 3659 desiderii
921 3588 1219 3658 stimulis
1271 3588 1543 3679 urgeris
1585 3644 1599 3671 ,
1667 3588 1894 3678 cogita
1948 3587 2016 3657 id
2066 3585 2475 3658 diuturnum
2525 3607 2686 3655 esse

528 3732 665 3780 non
716 3733 964 3803 posse:
1018 3710 1257 3781 brevis
1308 3721 1417 3780 est
1465 3711 1650 3781 enim
1704 3710 2061 3780 hominum
2113 3709 2289 3790 vita3
2347 3719 2422 3780 ut
2487 3709 2542 3778 si
2597 3710 2687 3779 ad

528 3851 655 3898 nos
705 3854 843 3900 non
896 3832 986 3902 sit
1037 3833 1146 3903 ille
1196 3855 1644 3916 reversuruS,
1700 3853 1829 3901 nos
1858 3841 2086 3901 tamen
2114 3831 2204 3901 ad
2241 3831 2431 3901 illum
2483 3853 2686 3923 opor-

529 3957 671 4017 teat
722 3953 891 4021 satis
942 3954 1255 4025 celeriter
1305 3953 1673 4046 proficisci.
1735 3954 1977 4023 Omnia
2015 3965 2235 4022 autem
2288 3955 2551 4032 brevia,
2609 3960 2684 4020 ut

528 4068 623 4138 ait
673 4068 933 4155 Cicer0,
993 4076 1356 4144 tolerabilia
1396 4096 1529 4143 esse
1586 4075 1851 4159 debent,
1894 4078 2089 4144 eciam
2129 4077 2190 4144 si
2236 4095 2476 4163 maqna
2523 4072 2676 4138 sint.

528 4191 766 4259 Frater
817 4200 980 4262 tuus
1032 4205 1313 4286 ereptus
1365 4207 1474 4265 est
1524 4197 1709 4266 mille
1766 4196 2148 4277 laboribuS‚
2217 4202 2284 4261 et
2336 4190 2680 4262 verisimi-
