3104 4805
894 355 1078 405 mann
1118 355 1853 413 omarus—Emsrom
1895 358 1999 406 χιι.
2401 345 2513 407 227

366 497 609 592 patriae
649 499 929 570 vixerat
966 482 1341 584 et'amiciS,
1384 521 1631 569 rursus
1673 496 1762 569 ad
1800 500 2270 595 episcopatum
2315 526 2520 575 suum

370 642 526 691 sese
566 621 874 704 contulit,
913 621 1032 693 ubi
1068 622 1282 692 multa
1314 643 1476 692 cum
1509 621 1873 693 honestate
1904 621 2201 714 degenS‚
2239 637 2310 697 et
2344 627 2524 698 sicut

368 754 568 815 antea
592 754 1031 831 caeterorum,
1065 747 1165 817 sic
1201 756 1361 817 tunc
1398 745 1507 816 sui
1542 744 1762 838 ipsius
1797 743 2042 831 victor,
2073 747 2289 819 vitam
2324 771 2522 822 suam

368 869 509 938 Deo
548 879 620 941 et
659 868 1055 940 hominibus
1093 869 1586 965 exemplariter
1625 869 2161 941 commendavit.
2200 870 2398 948 Anno
2433 873 2524 945 ibi

372 992 644 1064 tandem
687 993 813 1063 vix
851 1002 1160 1087 peracto,
1205 993 1482 1064 iuvenis
1532 992 1924 1077 admodum,
1971 993 2062 1064 ab
2102 994 2311 1065 huius
2363 995 2526 1069 vitae

369 1114 896 1209 tempestatibus
940 1116 1030 1188 ad
1069 1116 1324 1210 quietis
1366 1124 1673 1209 portum,
1719 1125 1790 1187 et
1829 1115 1920 1187 ad
1959 1116 2259 1188 feliciora
2310 1140 2528 1210 regna

370 1240 740 1311 translatus
782 1249 913 1310 est.
956 1240 1403 1331 Recognosce
1443 1261 1718 1311 mecum
1762 1240 2063 1331 singula,
2108 1249 2306 1334 pater
2354 1240 2528 1335 opti-

368 1384 521 1446 me;
579 1384 706 1433 nec
756 1362 843 1434 de
896 1383 1228 1454 germano
1291 1362 1585 1455 colloqui
1639 1362 1867 1454 pigeat
1913 1385 2073 1434 cum
2124 1364 2238 1433 illo
2285 1363 2407 1457 qui
2456 1362 2527 1435 in

368 1486 578 1556 fratre
623 1492 741 1557 tuo
780 1485 1000 1557 decus
1043 1506 1247 1557 suum
1284 1483 1418 1556 sibi
1451 1489 2134 1580 praereptumflugen
2168 1493 2239 1558 et
2274 1495 2521 1567 tamen,

368 1611 556 1706 quod
582 1611 954 1684 infantibus
989 1610 1329 1705 prolapsis
1364 1609 1673 1681 nutrices
1710 1611 1958 1696 solent,
1996 1621 2154 1704 post
2189 1620 2328 1683 tam
2365 1633 2527 1702 gra-

366 1757 526 1805 vem
569 1755 806 1806 casum
851 1734 1080 1808 animo
1116 1756 1245 1806 suo
1281 1735 1600 1808 moerenti
1635 1735 1791 1806 haec
1824 1734 2197 1808 verborum
2233 1735 2526 1808 admini-

367 1860 520 1929 cula
551 1859 1082 1952 qualiacumque
1114 1857 1476 1952 conquirit.
1513 1859 1829 1928 Recense
1854 1879 2130 1930 mecum
2155 1858 2364 1949 igitur
2389 1859 2526 1929 fra-

371 1991 588 2052 ternae
628 1982 796 2052 vitae
839 1991 1110 2078 tempus
1153 1982 1605 2062 universum3
1658 1979 1886 2051 aetatis
1928 1980 2118 2051 illum
2169 1980 2526 2072 angustis-

376 2103 621 2174 simam
661 2104 1164 2196 portiunculam
1207 2114 1429 2175 tecum
1469 2103 1828 2194 exegisse,
1876 2112 2081 2195 teque
2123 2125 2523 2196 germanam

365 2226 517 2297 eius
561 2225 996 2298 dulcedinem
1040 2247 1317 2318 semper
1355 2225 1425 2296 in
1468 2226 1793 2308 transitu,
1837 2236 1907 2297 et
1939 2227 2064 2296 vix
2101 2226 2411 2312 summis,
2451 2240 2527 2300 ut

366 2351 585 2438 aiunt,
626 2349 823 2423 labiis
858 2349 1279 2443 degustasse
1311 2347 1660 2423 fateberis.
1696 2350 1786 2421 Et
1813 2349 1873 2420 si
1897 2348 2237 2421 hactenus
2271 2349 2526 2422 absen-

368 2487 505 2545 tem
531 2496 669 2546 non
696 2472 960 2557 luxisti,
992 2473 1124 2544 iam
1164 2471 1437 2544 tandem
1473 2474 1714 2564 lugere
1748 2473 2068 2545 desinito.
2105 2474 2257 2566 Ego
2292 2484 2523 2546 tamen

367 2596 524 2667 hinc
567 2596 873 2688 intelligo
920 2605 991 2667 et
1057 2595 1201 2667 scio
1246 2595 1429 2691 (fecit
1467 2594 1652 2666 enim
1703 2619 1815 2667 me
1868 2596 2106 2667 talium
2156 2607 2521 2689 expertum

367 2718 609 2790 crebra
648 2720 888 2790 mortis
932 2718 1233 2813 iniuria),
1281 2721 1423 2792 scio
1463 2719 1633 2813 quid
1674 2719 1842 2790 mihi
1893 2743 2075 2792 nunc
2124 2721 2192 2789 in
2247 2720 2522 2792 silentio

364 2845 765 2915 vulneratus
806 2854 877 2914 et
925 2845 1286 2915 ulcerosus
1337 2843 1612 2916 animus
1664 2844 2059 2937 respondet.
2114 2844 2306 2915 Tune
2356 2842 2524 2914 mihi

366 2966 602 3039 mortis
653 2974 725 3038 et
771 2965 1108 3038 absentiae
1157 2988 1394 3061 parem
1445 2967 1906 3039 conditionem
1956 2967 2524 3058 argumentaris?

365 3088 572 3184 Atqui
610 3090 969 3163 absentem
1004 3091 1322 3163 revidere
1358 3114 1515 3162 cum
1551 3091 1905 3163 desiderio
1941 3090 2334 3183 sperabam:
2371 3091 2523 3162 ubi—

366 3235 524 3283 nam
566 3213 856 3305 degeret
888 3236 1252 3299 noveram,
1286 3214 1731 3309 assiduisque
1766 3214 2161 3286 rumoribus
2196 3236 2374 3285 onus
2410 3235 2525 3285 so-

364 3336 559 3408 labar
621 3337 978 3408 absentiae.
1035 3338 1231 3409 Nunc
1280 3359 1449 3407 vero
1500 3347 1572 3408 et
1622 3339 1932 3409 solamen
1982 3336 2182 3420 illud,
2236 3345 2307 3407 et
2359 3357 2521 3430 spes

365 3458 590 3530 omnis
629 3459 991 3533 intercidit.
1032 3460 1202 3531 Mihi
1245 3470 1492 3542 autem,
1529 3461 1765 3544 fateor,
1803 3459 1972 3529 nihil
2007 3458 2286 3531 omnino
2322 3458 2522 3529 morti

367 3583 657 3655 similius
692 3609 903 3677 quam
938 3583 1254 3657 absentia
1287 3582 1672 3667 videretur,
1712 3582 1845 3652 nisi
1881 3580 1950 3649 in
1979 3590 2199 3652 morte
2231 3578 2523 3652 certiora

364 3710 686 3800 quaedam
731 3710 973 3782 solatia
1006 3707 1397 3803 reperirem.
1437 3707 1741 3798 Utraque
1775 3703 2052 3798 quidem
2088 3724 2373 3795 corpore
2411 3724 2523 3774 se-

366 3841 637 3923 gregat,
681 3833 912 3904 animo
960 3843 1206 3904 neutra
1256 3829 1636 3920 disiungit;
1689 3852 1935 3900 verum
1989 3826 2353 3922 suspendit
2400 3827 2524 3898 ab-

368 3952 618 4038 sentia,
662 3966 733 4024 et
783 3978 1062 4050 semper
1111 3955 1359 4027 anxias
1412 3963 1682 4026 mentes
1732 3951 1971 4034 habet3
2025 3949 2281 4044 quibus
2333 3972 2518 4022 mors

363 4095 642 4148 omnem
685 4100 1188 4174 supervacuam
1241 4102 1477 4150 curam
1529 4076 1760 4150 demit.
1814 4074 1985 4160 Quis
2036 4075 2218 4145 enim
2269 4077 2520 4147 fratres

366 4199 694 4273 absentes
737 4202 1127 4296 praesertim
1169 4205 1278 4275 vel
1314 4203 1573 4274 amicos
1608 4200 1892 4285 habere,
1930 4209 2000 4270 et
2037 4222 2326 4271 securus
2360 4222 2518 4271 esse
