3104 4805
393 622 536 689 (ο).

396 712 531 783 (Ρ)-

398 802 512 873 (Q)

400 979 524 1049 (S).

403 1256 514 1327 (V)

412 1610 527 1679 (Z).

443 2146 549 2216 (a).

443 2324 551 2395 (b)-

442 2775 543 2842 (c).

420 3131 532 3200 (d).

401 843 541 961 ‹ni-

406 1298 542 1415 (xi.

409 1433 538 1505 (Y)-

1296 393 1819 444 PROLEGOMENON.
2559 405 2592 448 X
2605 404 2637 450 V

880 530 1099 584 Ibidem
1129 530 1260 585 Cod.
1294 532 1387 586 XI.
1418 533 1563 588 Plut.
1594 536 1890 590 LXXVIII.

878 620 1098 674 Ibidem
1127 620 1261 676 Cod.
1292 622 1435 677 XVI.
1467 624 1613 678 Plut.
1645 625 1994 681 LXXXVIII.
2030 628 2130 682 Ins.

887 709 1103 764 Ibidem
1132 710 1264 765 Cod.
1293 711 1542 768 LXXIII.
1574 716 1720 770 Plut.
1752 716 2048 773 LXXXIX.
2082 720 2217 791 Sup.

891 799 1107 854 Ibidem
1136 800 1269 855 Cod.
1300 801 1450 857 XIII.
1483 804 1632 859 Plut.
1665 805 1778 860 XC.

889 886 1104 941 Ibidem
1132 886 1263 942 Cod.
1297 889 1441 943 XIV.
1470 891 1620 946 Plut.
1651 893 1762 947 XC.
1796 894 1901 950 Inf.

892 977 1108 1033 Ibidem
1135 978 1268 1034 Cod.
1301 980 1473 1034 XVII.
1502 983 1651 1038 Plut.
1684 983 1795 1038 XC.

884 1068 1098 1123 Ibidem
1127 1068 1260 1124 Cod.
1295 1069 1490 1124 XLIII.

881 1162 1097 1218 Ibidem
1125 1163 1257 1219 Cod.
1290 1164 1457 1219 XCII.
1612 1161 1868 1217 Bibliotb.
1898 1163 2160 1236 Leopold.
2193 1164 2534 1221 Strozzianae.

891 1254 1105 1310 Ibidem
1133 1254 1267 1309 Cod.
1301 1254 1411 1309 CV.

884 1344 1098 1399 Ibidem
1127 1343 1260 1399 Cod.
1293 1343 1380 1398 CI.
1414 1344 1672 1399 Bibliotb.
1703 1342 1964 1416 Leopold.
1998 1345 2314 1400 Gaddianae.

889 1432 1103 1488 Ibidem
1132 1431 1263 1487 Cod.
1294 1431 1632 1486 CLXXVIII.
1664 1431 1922 1487 Bibliotb.
1954 1431 2251 1504 Operarior
2271 1433 2414 1488 Eccl.
2439 1431 2635 1489 Metro-

977 1520 1134 1593 polit.
1165 1520 1514 1576 Florentinae.

886 1608 1103 1663 Ibidem
1131 1608 1309 1664 Codex
1337 1610 1649 1664 Marcianus
1676 1626 1844 1681 quem
1880 1626 1912 1664 a
1947 1610 2170 1666 Nicolao
2205 1612 2417 1667 Nicolio
2447 1613 2635 1667 Padua

975 1696 1313 1753 Florentiam
1336 1698 1628 1755 advectum
1653 1699 1938 1754 Mehusius
1974 1702 2379 1774 autographum
2417 1703 2636 1757 Petrai·-

977 1802 1054 1840 cae
1072 1787 1416 1856 existimavit,
1438 1788 1587 1859 quod
1608 1793 1794 1843 tamen
1823 1794 2028 1858 negant
2063 1790 2361 1844 Baldellius
2376 1832 2391 1859 ,
2423 1790 2635 1845 Sartius

975 1876 1194 1948 aliique.
1235 1875 1337 1931 Hic
1371 1894 1402 1931 e
1440 1877 1776 1932 Bibliotheca
1811 1877 2089 1931 Marciana
2124 1877 2217 1932 ubi
2254 1878 2332 1931 No
2376 1879 2483 1932 336
2519 1886 2636 1933 erat

974 1970 1263 2026 distinctus
1280 1971 1339 2026 in
1359 1970 1885 2041 Magliabechianam
1914 1971 2211 2025 translatus
2231 1971 2305 2025 ibi
2325 1978 2637 2027 asservatur

976 2056 1122 2110 Plut.
1152 2056 1195 2111 Ι.
1226 2057 1254 2111 1
1275 2100 1290 2126 ,
1317 2057 1407 2112 28.

868 2142 1084 2197 Ibidem
1120 2143 1248 2199 Cod.
1290 2158 1355 2199 n⁰
1390 2144 1515 2199 873.
1558 2146 1816 2202 Biblioth.
1868 2147 2241 2203 Riccardianae
2285 2149 2381 2219 qui
2426 2148 2634 2202 iamdiu

977 2233 1080 2288 fuit
1105 2233 1389 2289 Nicodemi
1416 2235 1802 2291 Tranchedini.

856 2323 1072 2377 Ibidem
1102 2324 1233 2379 Cod.
1265 2339 1330 2380 n0
1357 2325 1464 2382 805
1491 2326 1740 2381 eiusdem
1769 2326 2026 2381 Bibliotb.
2061 2327 2453 2381 Riccardianae.

860 2416 1113 2480 Quorum
1144 2417 1588 2472 Florentium-um
1618 2416 1882 2471 Codicum
1910 2415 2044 2487 quid
2080 2417 2282 2487 singuli
2321 2417 2633 2472 contineant

978 2503 1101 2558 ideo
1129 2505 1469 2561 reticendum
1504 2506 1596 2560 hic
1631 2506 1762 2560 duxi
1790 2505 1938 2577 quod
1976 2505 2393 2576 diligentissime
2430 2506 2540 2559 iam
2574 2506 2630 2560 id

976 2595 1227 2665 exposuit
1263 2595 1567 2650 Bandinius
1599 2593 1662 2649 ‘in
1700 2610 1802 2649 suo
1833 2593 2090 2666 Catalogo
2118 2593 2382 2649 Codicum
2417 2593 2633 2650 Latino-

972 2698 1102 2736 rum
1130 2683 1386 2739 Bibliotb.
1417 2684 1819 2739 Laurentianae.

858 2772 1049 2827 Rome
1072 2773 1129 2827 in
1156 2773 1413 2828 Bibliotb.
1446 2772 1671 2844 Collegii
1696 2771 1819 2828 Soc.
1857 2774 1987 2829 Jesu
2024 2771 2206 2828 Codex
2231 2778 2379 2828 extat
2403 2785 2632 2846 papyra-

973 2876 1103 2915 ceus
1149 2862 1334 2916 saeculi
1380 2860 1508 2916 XIV
1565 2862 1862 2917 nonnullas
1918 2863 2206 2917 continens
2253 2861 2313 2916 F.
2364 2862 2632 2918 Petrarcae

973 2948 1182 3004 litteras
1216 2955 1273 3004 et
1307 2949 1445 3005 duas
1481 2950 1789 3022 praesertim
1826 2967 1966 3021 quas
2012 2949 2210 3004 damus
2257 2950 2403 3004 inter
2440 2950 2631 3004 Varias

982 3039 1062 3092 nis
1085 3039 1123 3094 6
1148 3044 1203 3093 et
1227 3039 1317 3095 63.

855 3125 1073 3181 Ibidem
1118 3127 1454 3183 Bibliotheca
1498 3130 1760 3185 Vaticana
1806 3128 2062 3184 Codicem
2104 3128 2270 3183 habet
2315 3128 2632 3183 distinctum

976 3229 1039 3268 no
1081 3215 1215 3270 5621
1266 3218 1503 3273 auctoris
1547 3219 1724 3274 nostri
1767 3219 1977 3274 litteras
2011 3217 2381 3274 continentem
2420 3225 2629 3292 septem

979 3321 1145 3377 supra
1181 3307 1455 3378 octoginta
1490 3309 1783 3381 plerasque
1829 3309 2061 3364 ineditas
2106 3314 2162 3364 et
2198 3309 2266 3363 ad
2304 3311 2634 3381 posteriores

977 3393 1128 3450 XVII
1156 3395 1512 3452 Familiamm
1549 3398 1722 3453 libros
1759 3398 2089 3454 referendas.
2121 3399 2334 3454 Desunt
2359 3404 2546 3453 tamen
2573 3398 2631 3451 in

976 3483 1114 3538 libro
1149 3484 1225 3538 IX
1261 3485 1444 3540 littera
1479 3485 1507 3539 1
1529 3527 1544 3553 ‚
1582 3486 1639 3541 in
1675 3486 1818 3542 libro
1854 3487 1903 3542 X
1939 3488 2122 3543 littera
2155 3486 2220 3555 2,
2260 3492 2315 3541 et
2350 3487 2408 3540 in
2445 3485 2522 3539 XI
2549 3484 2636 3538 lit·

979 3575 1108 3626 terae
1132 3572 1160 3627 1
1182 3613 1198 3641 ‚
1225 3571 1263 3626 2
1286 3578 1343 3627 et
1367 3573 1422 3628 6.
2303 3562 2307 3565 ⁴

792 3669 803 3676 “
860 3657 1026 3712 Nunc
1059 3661 1314 3732 Syllogen
1350 3662 1626 3734 proferam
1664 3679 1859 3720 eorum
1895 3665 1991 3735 qui
2027 3664 2084 3716 in
2119 3662 2327 3715 Veneta
2371 3659 2628 3715 Bibliotb.

981 3747 1035 3802 S.
1065 3750 1232 3805 Marci
1259 3758 1630 3823 asservantur,
1658 3769 1898 3824 quorum
1927 3751 2062 3805 mihi
2089 3749 2340 3804 notitiam
2368 3750 2632 3821 singulari

982 3838 1317 3896 humanitate
1341 3843 1577 3913 praebuit
1600 3842 1871 3915 Iosephus
1906 3839 2305 3895 Valentinellus
2330 3858 2381 3895 v.
2416 3858 2461 3894 c.
2493 3840 2634 3894 eius·

979 3924 1104 3979 dem
1127 3927 1467 3984 bibliothecae
1491 3929 1784 4002 praefectus
1803 3926 2029 3982 honoris
2049 3932 2103 3979 et
2122 3927 2261 3997 grati
2280 3927 2447 3981 animi
2469 3943 2633 3981 causa

983 4016 1114 4070 mihi
1165 4019 1552 4074 nominandus.
1605 4020 1804 4074 Extant
1847 4018 2016 4088 igitur
2057 4017 2331 4072 Vnum-ns
2383 4017 2442 4071 in
2488 4016 2628 4071 Bibl.

984 4102 1039 4157 S.
1068 4105 1260 4160 Marci:
2286 4110 2293 4122 ‘

877 4189 1008 4246 eod.
1046 4193 1219 4264 Lxx,
1248 4197 1422 4252 class.
1462 4198 1611 4254 xm.
1652 4197 2020 4255 Membranac.
2060 4196 2195 4250 saec.
2237 4194 2393 4262 xlv,
2421 4194 2632 4261 fuitque,
