3104 4805
891 345 1087 420 monn
1117 344 1422 393 ocuvus,
1448 364 1521 375 -
1545 346 1849 393 EPISTOLA
1894 349 1949 394 v.
2383 338 2502 398 433

345 514 587 564 corum
633 501 764 562 tam
807 490 985 562 bene
1025 490 1471 563 concordium
1514 491 1864 581 hospitum
1906 494 2041 561 late
2080 497 2350 590 capax.)
2397 498 2503 565 Si-

345 613 629 705 quidem
670 635 839 704 ergo
881 634 1010 682 vos
1064 614 1201 683 huc
1252 614 1389 681 sata
1440 610 1946 694 contraxerint,
1994 612 2327 685 iaciemus
2378 639 2501 687 an-

344 757 607 818 coram,
660 745 933 828 portum
987 732 1344 803 invenisse
1395 731 1809 802 videbimur.
1871 732 1958 800 Et
2011 730 2068 799 si
2119 732 2350 803 forsan
2413 738 2502 807 ad

346 857 599 948 quietis
650 865 912 927 nostrae
976 856 1226 924 famam
1293 851 1784 923 confluentium
1853 850 2233 923 amicorum
2303 854 2499 925 turba

347 978 793 1059 succreverit,
839 998 976 1046 non
1016 975 1240 1045 deerit
1280 974 1455 1044 urbe
1508 974 1736 1045 media
1788 974 2041 1045 domus
2094 974 2498 1064 augustior,

346 1119 551 1189 quam
598 1077 736 1167 sub
767 1099 897 1169 hac
937 1118 1060 1187 spe
1097 1117 1386 1166 vacuam
1427 1096 1599 1165 sino.
1639 1096 1789 1185 Ego
1824 1094 2007 1165 enim
2050 1104 2317 1188 partem
2353 1094 2503 1167 eius

346 1220 673 1310 exiguam
729 1240 865 1288 non
918 1218 1272 1308 implerem
1339 1239 1497 1287 cum
1550 1216 1736 1286 omni
1790 1216 2068 1299 familia,
2123 1236 2286 1309 quae
2337 1215 2503 1286 mihi

347 1339 739 1411 solitudinis
781 1337 1015 1419 avid0,
1062 1337 1264 1407 turba
1304 1337 1552 1427 ingens
1593 1347 1723 1406 est.
1765 1336 1958 1408 Neve
2013 1337 2131 1408 tibi
2186 1337 2296 1408 his
2349 1359 2507 1407 ver-

345 1462 452 1531 bis
497 1462 782 1531 iniectos
821 1460 1218 1552 compedeS,
1264 1468 1469 1550 teque
1513 1459 1626 1527 uni
1681 1458 2022 1529 domicilio
2072 1461 2503 1553 adscriptum

345 1593 571 1675 putes.
625 1582 777 1650 Erit
824 1582 1025 1652 nobis
1076 1581 1236 1651 hinc
1284 1579 1624 1662 Bononia,
1686 1579 2073 1651 studiorum
2118 1582 2377 1667 nutrix,
2433 1583 2503 1652 in

347 1725 483 1794 qua
509 1702 807 1793 primum
836 1703 1324 1775 adolescentiae
1361 1711 1638 1792 tempus
1671 1699 2163 1793 expendimus,
2201 1711 2271 1771 et
2303 1702 2503 1774 dulce

347 1824 498 1908 erit,
530 1825 813 1895 mutatis
841 1824 978 1894 iam
1008 1846 1144 1896 non
1181 1826 1402 1896 solum
1447 1822 1695 1894 animis
1739 1821 1864 1892 sed
1904 1821 2184 1914 capillis,
2222 1824 2506 1915 antiqua

348 1945 685 2030 revisere,
735 1956 808 2014 et
866 1943 1167 2015 firmiore
1226 1944 1479 2015 iudicio
1531 1942 1832 2014 civitatis
1886 1943 2097 2025 illius,
2155 1944 2501 2036 simulque

345 2076 741 2138 nostrorum
810 2067 1194 2138 animorum
1246 2064 1589 2147 habitum,
1643 2076 1713 2136 et
1769 2087 1861 2136 ex
1912 2065 2277 2135 collatione
2332 2074 2504 2134 tem-

346 2210 592 2281 porum
632 2190 1040 2281 quantulum
1087 2187 1392 2258 vivendo
1433 2185 1983 2277 processerimus
2025 2186 2496 2279 contemplari.

345 2312 495 2380 Erit
534 2309 693 2381 inde
733 2310 919 2382 Pado
960 2308 1327 2379 imminens
1367 2306 1714 2378 Placentia
1752 2316 1823 2377 et
1862 2305 2188 2377 Antonini
2234 2308 2328 2377 tui
2380 2329 2504 2378 ve-

346 2433 672 2504 nerabilis
729 2434 1012 2518 domuS,
1076 2433 1183 2504 cui
1239 2442 1311 2502 tu
1363 2429 1731 2523 praesideS,
1777 2427 2315 2501 mediocritatem
2371 2432 2501 2502 loci

345 2578 483 2627 non
524 2563 963 2646 aspernatuS‚
1020 2554 1255 2625 multis
1307 2551 1855 2647 opulentioribus
1907 2553 2258 2643 neglectis.
2313 2555 2500 2638 Quo-

348 2677 550 2761 niam,
590 2686 666 2746 ut
699 2676 930 2749 dicere
973 2677 1267 2760 solebas,
1313 2674 1738 2745 vicinitatem
1780 2695 2005 2745 meam
2043 2674 2109 2743 in
2147 2677 2501 2766 proventi-

236 2802 243 2809 ’
343 2799 477 2870 bus
512 2800 893 2871 numerasti
924 2825 938 2883 3
975 2800 1108 2870 illic
1145 2811 1214 2869 tu
1256 2797 1563 2870 omnium
1607 2796 1866 2886 hospes
1901 2795 2063 2865 eris.
2102 2796 2495 2875 Occurrent,

344 2920 402 2988 si
430 2923 632 3013 paulo
657 2920 935 3013 longius
961 2919 1304 3013 proficisci
1330 2918 1560 2997 libeat,
1598 2916 1758 2987 hinc
1793 2916 2279 3001 Mediolanum,
2320 2917 2501 2989 illinc

343 3042 584 3124 Ianua3
613 3044 724 3114 illa
754 3044 1213 3125 terrestrium,
1246 3042 1399 3112 haec
1426 3037 1925 3109 maritimarum
1957 3036 2170 3108 decus
2197 3038 2496 3108 urbium.

343 3161 461 3231 Ille
508 3173 768 3233 tractus
810 3165 1004 3233 lacus
1047 3161 1255 3232 habet
1303 3171 1370 3230 et
1422 3159 1706 3243 fluviOS,
1764 3159 1875 3228 hic
1924 3177 2164 3248 aequor
2214 3156 2502 3227 undiso-

341 3303 539 3362 num,
611 3281 980 3363 tumidum,
1050 3282 1448 3349 velivolum.
1517 3280 1660 3349 lllic
1725 3280 2002 3349 Larium
2072 3276 2492 3363 videbimuS,

343 3400 629 3469 uberem
672 3402 927 3482 lacum,
965 3400 1073 3468 cui
1113 3399 1400 3469 Comum
1437 3398 1728 3482 adiacet,
1769 3398 1955 3469 unde
1991 3396 2239 3468 Addua
2273 3399 2495 3469 amnis

339 3518 715 3609 egreditur.
757 3517 1166 3591 Videbimus
1208 3518 1638 3600 Verbanum,
1686 3518 1803 3611 qui
1856 3520 2084 3590 Lacus
2139 3518 2358 3589 Maior
2409 3520 2497 3590 ab

343 3640 580 3711 incolis
657 3640 931 3722 dicitur,
1002 3665 1210 3734 quem
1290 3640 1568 3711 Ticinus
1632 3640 2019 3711 intersecat.
2088 3638 2494 3710 Videbimus

343 3762 526 3834 unde
588 3764 803 3835 Ollius
859 3766 1123 3857 prodit:
1176 3787 1306 3836 nec
1354 3766 1592 3858 procul
1646 3763 1802 3835 inde
1865 3766 2238 3847 Benacum,
2311 3763 2496 3835 unde

340 3884 632 3956 Mincius
674 3886 998 3979 erumpit,
1045 3890 1257 3978 vulgo
1298 3885 1489 3958 lacus
1532 3886 1962 3970 notissimos,
2009 3886 2231 3957 doctis
2279 3883 2491 3955 etiam

340 4004 687 4096 incognita
720 4009 1016 4078 nomina.
1060 4006 1466 4079 Videbimus
1507 4006 1989 4099 impendentes
2040 4007 2332 4079 lacubus
2373 4006 2492 4076 Al-

341 4148 464 4219 pes
491 4127 715 4197 aerias
744 4150 824 4198 ac
860 4130 1168 4209 nivosas,
1208 4137 1453 4199 aestate
1487 4127 1960 4218 gratissimum
1999 4131 2486 4219 spectaculum,

660 4260 687 4296 ι.
2172 4248 2238 4299 28
