3104 4805
903 378 1087 426 unsa
1129 377 1867 435 omarus—nmmum
1912 381 2016 429 x11.
2421 367 2529 428 231

382 547 611 597 rerum
647 524 1108 596 humanarum
1150 522 1533 616 inquietum
1569 527 1889 624 adversis
1924 527 2229 612 flatihuS,
2269 536 2340 600 et
2379 550 2540 623 pro-

382 650 711 720 cellosum
777 649 1103 741 pelagus3
1164 646 1302 719 rari
1341 658 1412 719 et
1461 649 1590 719 vix
1646 645 2046 721 hominibus
2096 650 2539 723 accessibiles

384 780 665 864 portus;
709 769 972 864 scopuli
1007 770 1312 863 undique
1354 770 1936 853 innumerabiles;
1981 773 2159 843 inter
2191 794 2369 865 quos
2410 774 2541 846 dif-

384 895 581 968 ficilis
622 905 692 966 et
734 914 1024 987 prorsus
1065 892 1388 985 ambigua
1452 893 1811 986 navigatio
1868 904 1999 965 est.
2054 895 2196 965 Iam
2249 896 2373 965 vix
2422 897 2540 966 uni

385 1018 675 1110 contigit
715 1039 811 1089 ex
858 1016 1190 1101 millibus,
1247 1028 1323 1089 ut
1372 1017 1644 1115 integer
1692 1027 2028 1090 enataret.
2082 1017 2193 1090 Sic
2242 1020 2544 1114 nosfor-

390 1154 579 1215 tunae
632 1141 996 1237 imperium
1046 1151 1361 1225 exercet,
1424 1143 1494 1213 in
1557 1164 1803 1214 omnes
1871 1141 2133 1235 gradus
2185 1142 2541 1214 hominum

385 1265 533 1361 pari
566 1266 714 1338 iure
738 1264 1146 1359 grassantis.
1174 1267 1275 1336 Ita
1300 1265 1367 1336 in
1403 1265 1687 1359 quidvis
1727 1265 2010 1337 obvium
2051 1264 2305 1361 cymba
2334 1265 2545 1358 fragi-

388 1391 471 1461 lis
512 1399 772 1461 nostrae
807 1388 1238 1461 mortalitatis
1280 1388 1601 1462 alliditur.
1646 1389 1733 1460 Et
1772 1411 2145 1485 possumus
2181 1390 2358 1461 inter
2391 1389 2544 1462 haec

388 1512 588 1584 nobis
630 1522 751 1584 aut
801 1511 1058 1583 nostris
1118 1511 1619 1603 longiusculam
1670 1511 1885 1583 vitam
1913 1568 1928 1596 ,
1990 1512 2126 1584 imo
2177 1523 2254 1585 ut
2301 1513 2541 1585 vcrius

387 1636 631 1720 dicam,
674 1636 949 1728 longius
990 1634 1368 1728 periculum
1410 1645 1651 1728 optare
1676 1636 1712 1704 ‘2
1750 1635 2083 1728 Fingatur
2121 1637 2369 1730 aliquis
2402 1648 2544 1710 tam

387 1759 690 1852 benigno
731 1758 986 1844 sidere,
1047 1769 1186 1829 tam
1219 1758 1512 1851 propitia
1550 1760 1826 1830 fortuna
1851 1815 1868 1844 ,
1912 1770 2049 1830 tam
2097 1759 2392 1853 denique
2445 1763 2544 1832 fa·-

388 1893 597 1954 vente
637 1885 781 1955 Deo
821 1882 953 1954 iter
992 1881 1125 1952 hoc
1174 1881 1569 1973 ingressuS,
1629 1889 1704 1951 ut
1753 1879 1920 1953 nihil
1971 1882 2032 1952 ei
2068 1882 2292 1975 possit
2338 1904 2544 1976 aspe—

390 2028 543 2078 rum
609 2006 1118 2096 molestumque
1183 2003 1604 2095 contingere.
1681 2004 1849 2074 Rem
1916 2002 2412 2096 impossibilem
2477 2014 2548 2076 et

391 2126 766 2198 inauditam
803 2127 1077 2198 saeculis
1113 2125 1281 2218 fingi
1314 2126 1541 2198 iubeo.
1579 2126 1720 2199 Nec
1743 2126 1902 2199 ideo
1927 2136 2182 2214 tamen,
2222 2129 2544 2220 quamvis

390 2250 772 2344 periculum
814 2249 1035 2335 absit,
1080 2248 1299 2322 aberit
1338 2260 1588 2322 metus.
1641 2251 1729 2321 Et
1779 2250 2033 2323 idcirco
2073 2253 2368 2324 fortasse
2406 2273 2545 2324 non

389 2373 760 2460 infelicius,
798 2396 925 2446 nec
965 2373 1418 2447 inconsultius
1458 2376 1662 2461 foret,
1709 2374 1918 2449 modo
1958 2374 2176 2446 nostri
2216 2385 2409 2447 esset
2433 2398 2546 2448 ar-

390 2498 604 2583 bitrii,
650 2498 828 2569 sicut
866 2499 937 2569 in
987 2520 1272 2593 aequore
1316 2507 1641 2594 suspecto
1700 2508 1932 2571 nautae
1981 2501 2203 2571 solent
2249 2499 2545 2572 circum-

394 2622 610 2715 specti
652 2623 925 2694 clavum
980 2622 1284 2707 flectere,
1328 2622 1590 2716 diuque
1630 2631 1789 2695 ante
1833 2623 1996 2694 solis
2038 2645 2360 2696 occasum
2385 2626 2544 2697 vela

394 2744 831 2828 submittere3
886 2744 986 2816 sic
1026 2745 1095 2815 in
1155 2744 1298 2816 vita
1362 2756 1636 2838 portum
1689 2756 1949 2839 petere,
2005 2755 2077 2819 et
2125 2746 2355 2819 adhuc
2420 2746 2545 2817 flo-
2655 2734 2662 2745 ’

393 2867 565 2939 renti
607 2877 815 2939 aetate
850 2878 1058 2962 atque
1091 2867 1321 2942 animo
1362 2869 1614 2941 virenti
1653 2878 1726 2940 et
1766 2870 2159 2943 valentibus
2211 2869 2541 2942 membris

392 2991 593 3078 mori,
638 2993 831 3085 prius
891 3015 1101 3087 quam
1152 3014 1238 3064 eo
1287 3004 1698 3086 perventum
1751 2993 1840 3065 sit
1902 3015 2041 3086 quo
2093 2994 2336 3065 saltem
2401 2992 2546 3064 vita

391 3113 656 3206 longior
694 3112 1032 3207 perducit,
1087 3112 1175 3187 ad
1213 3115 1488 3186 ultimas
1529 3113 1793 3187 scilicet
1824 3114 2185 3207 angustias
2228 3122 2543 3186 senectu-

395 3237 504 3308 tis.
556 3239 742 3308 Inter
780 3260 959 3330 quas
1011 3238 1254 3309 arctati
1313 3236 1621 3331 quidam,
1697 3245 1768 3309 et
1830 3238 2104 3309 vixisse
2153 3238 2421 3321 dolent,
2474 3246 2546 3306 et

394 3358 567 3430 mori
619 3369 976 3448 metuunt,
1030 3373 1101 3433 et
1136 3361 1385 3433 totiens
1427 3361 1571 3433 voti
1629 3370 2034 3454 exoptatum
2098 3373 2365 3455 tempus
2431 3381 2546 3430 ac-

395 3494 670 3569 cusant,
723 3470 1024 3578 denique
1084 3485 1252 3578 quid
1304 3485 1522 3556 velint
1577 3491 1650 3555 et
1710 3484 1878 3578 quid
1929 3486 2146 3556 nolint
2193 3483 2541 3566 nesciunt;

394 3615 581 3679 tanta
620 3618 732 3680 est
763 3609 1133 3682 discordia.
1173 3609 1336 3680 Haec
1375 3607 1582 3679 ethis
1625 3608 1873 3680 similia
1907 3608 2292 3700 cogitantes
2332 3604 2546 3677 absti-

394 3751 559 3800 nere
598 3731 840 3820 decet,
887 3755 975 3804 ne
1015 3733 1372 3804 decretum
1406 3733 1694 3804 coeleste
1735 3753 1858 3802 seu
1900 3730 2141 3802 mortis
2213 3730 2544 3801 festinan-

395 3854 557 3923 tiam
622 3877 1060 3928 accusemus:
1113 3854 1414 3949 alioquin
1455 3875 1581 3950 pro
1633 3853 2033 3950 nobisipsis
2070 3853 2543 3925 tantummodo

393 3980 723 4069 conqueri
775 3979 1170 4052 videbimur
1218 3987 1291 4050 et
1349 3977 1584 4071 affligi.
1641 3979 1792 4070 Ego
1850 3976 2033 4048 enim
2094 3998 2230 4048 non
2267 3977 2536 4062 dubito,

393 4119 616 4173 sacrae
668 4102 1019 4174 memoriae
1058 4106 1341 4174 fratrem
1387 4112 1579 4175 tuum
1632 4124 1761 4174 nec
1811 4103 1967 4195 plus
2019 4101 2286 4174 vixisse
2328 4124 2539 4195 quam

392 4243 678 4297 necesse
730 4224 859 4296 sibi
911 4227 1145 4312 fuerit,
1200 4247 1327 4297 nec
1378 4224 1639 4309 minus;
1692 4233 1762 4296 et
1809 4233 2193 4319 opportuno
2237 4236 2538 4322 tempore
