3104 4805
538 293 654 352 444
1215 301 1297 347 DE
1341 300 1542 348 nanus
1591 298 2032 347 waltramnus

535 447 656 542 qui
690 444 857 514 mihi
898 452 1059 536 post
1099 442 1395 534 plurima
1435 440 1917 536 experimenta
1966 439 2248 510 virtutis
2302 443 2724 536 acceptissi-

538 589 719 650 muS,
759 587 886 635 nec
935 585 1047 634 me
1091 564 1328 649 modo,
1369 563 1493 634 sed
1536 561 1738 632 nobis
1779 561 2235 653 dignissimus
2279 562 2486 634 visus
2529 575 2716 634 erat.

540 691 782 780 Itaque
817 687 951 756 iam
996 684 1110 755 hic
1149 684 1317 755 mihi
1354 686 1680 755 Socrates
1716 685 1889 754 alter
1924 705 2088 755 esse
2124 695 2465 776 coeperat:
2498 683 2714 769 fides,

541 807 1108 899 familiaritasque
1142 827 1358 897 prope
1391 805 1667 890 eadem,
1697 806 2025 898 quodque
2058 805 2545 878 dulcissimum
2580 808 2721 878 ha-

542 932 662 1003 bet
699 928 1025 1010 amicitia,
1064 928 1497 1020 participatio
1536 927 1904 1019 utriusque
1937 930 2264 1012 fortunae,
2304 930 2716 1022 apertisque

544 1052 754 1122 animi
788 1049 1088 1134 latebris,
1128 1047 1266 1120 fida
1301 1049 1834 1120 communicatio
1873 1059 2321 1120 secretorum.
2349 1048 2713 1130 Quantum

546 1195 714 1244 vero
765 1182 830 1243 te
880 1170 1186 1252 amabat,
1241 1182 1578 1261 quantum
1648 1170 1892 1242 videre
1940 1169 2290 1261 cupiebat,
2346 1193 2545 1263 quem
2597 1171 2717 1242 in-

548 1295 763 1366 ternis
804 1293 1020 1363 oculis
1064 1293 1199 1362 iam
1246 1291 1560 1375 videbat,
1606 1300 1942 1383 quantum
1995 1291 2160 1362 vitae
2212 1303 2350 1362 tuae
2400 1292 2711 1364 solicitus

547 1388 720 1498 erat,
752 1416 820 1483 in
857 1413 969 1482 illo
1003 1411 1280 1507 publico
1315 1413 1676 1503 naufragio
1712 1425 1788 1483 ut
1821 1415 2111 1483 mirarer
2142 1415 2321 1508 ipse,
2360 1414 2711 1485 hominem

549 1534 971 1627 incognitum
1016 1534 1114 1605 sic
1155 1533 1374 1605 amari
1416 1555 1649 1627 posse.
1693 1535 2063 1626 Nunquam
2102 1534 2474 1606 tristiorem
2512 1535 2714 1606 solito

550 1678 661 1727 me
703 1655 905 1739 vidit,
944 1656 1111 1747 quin
1145 1655 1362 1726 amice
1403 1657 1715 1749 trepidus
1754 1657 2163 1749 inquireret:
2199 1656 2382 1740 Quid
2418 1657 2515 1727 rei
2548 1660 2719 1727 est?

551 1778 736 1862 Quid
773 1778 1038 1850 amicus
1080 1786 1317 1848 noster
1357 1779 1556 1869 agit‘?
1597 1780 1769 1850 Cum
1814 1801 1982 1851 vero
2022 1779 2200 1850 bene
2243 1788 2312 1848 te
2363 1781 2714 1851 valentem

553 1899 966 1985 audivisset,
1011 1909 1202 1972 metu
1238 1899 2065 1994 posito„perfundebatur
2106 1901 2459 1971 alacritate
2510 1901 2719 1974 mira-

556 2022 695 2094 bili.
734 2024 837 2093 Et·
862 2022 974 2094 hic
1005 2022 1285 2115 quidem
1326 2021 1539 2116 (quod
1575 2022 1727 2094 sine
1760 2022 1995 2093 multis
2031 2024 2329 2094 lacrimis
2364 2045 2503 2094 non
2530 2023 2714 2108 dico,

556 2154 627 2215 et
688 2168 844 2216 cum
911 2145 1227 2240 pluribus
1280 2144 1618 2230 dicerem,
1688 2145 1822 2215 nisi
1889 2145 2444 2238 praecedentibus
2518 2147 2719 2217 malis

558 2267 946 2339 exhaustos
989 2267 1202 2343 hosce
1242 2269 1509 2352 oculos,
1552 2275 1763 2360 atque
1802 2289 2074 2352 omneS,
2107 2268 2164 2338 si
2198 2289 2359 2360 quae
2400 2279 2591 2354 sunt,
2624 2272 2723 2339 la-
2827 2279 2840 2284 “

557 2388 929 2458 erimarum
959 2388 1288 2481 reliquias
1318 2389 1740 2463 instantibus
1767 2391 2227 2486 reservarem)
2260 2392 2385 2479 hic,
2416 2394 2718 2486 inquam,

556 2505 902 2597 pestilenti
954 2508 1225 2589 morbo,
1270 2510 1391 2598 qui
1433 2534 1618 2581 nunc
1682 2512 1921 2582 orbem
1974 2516 2367 2608 populatur,
2439 2526 2725 2608 repente

558 2635 914 2718 correptus
955 2624 1044 2695 ad
1086 2645 1487 2716 vesperam,
1532 2639 1902 2719 postquam
1952 2655 2221 2703 coenam
2256 2657 2414 2704 cum
2451 2637 2720 2722 amiciS‚

559 2757 629 2817 et
675 2747 864 2840 quod
915 2744 1179 2817 occidui
1244 2747 1573 2837 temporis
1642 2747 1971 2831 restabat,
2038 2752 2107 2817 in
2160 2764 2400 2823 nostro
2459 2766 2726 2827 tantum

565 2889 909 2951 sermone,
948 2880 1020 2938 et
1059 2866 1380 2939 amicitiae
1431 2889 1802 2960 rerumque
1855 2879 2249 2939 nostrarum
2300 2894 2726 2947 commemo-

563 2991 828 3063 ratione
870 2999 1426 3082 consumpserat,
1468 2999 1740 3061 noctem
1786 2990 1968 3061 illam
2012 2990 2191 3062 inter
2241 2992 2519 3063 dolores
2562 2994 2722 3064 ulti-

567 3133 716 3183 mos
758 3110 1213 3203 imperterrito
1254 3110 1484 3181 animo
1533 3113 1894 3204 transegit.
1946 3113 2150 3184 Mane
2200 3122 2431 3184 autem
2483 3114 2726 3208 rapida

566 3242 789 3305 morte
834 3233 1231 3327 subtractus
1270 3242 1410 3316 est,
1455 3255 1536 3303 ac
1577 3256 1665 3305 ne
1705 3233 1875 3327 quid
1912 3234 2002 3305 de
2043 3236 2319 3306 funesta
2352 3247 2740 3318 consuetur

566 3355 730 3427 dine
764 3357 1135 3439 laxaretur,
1174 3355 1403 3426 triduo
1439 3355 1811 3452 inexpletO,
1851 3357 2040 3428 illum
2078 3356 2194 3428 filii
2229 3359 2592 3452 omnisque
2634 3364 2730 3431 fa-

571 3477 758 3548 milia
795 3476 1150 3549 consecuti
1190 3489 1370 3550 sunt.

770 3600 870 3669 lte
920 3622 1126 3682 nunc,
1180 3602 1532 3685 mortaleS,
1589 3611 1914 3687 aestuate,
1975 3604 2324 3686 anhelate,
2392 3604 2721 3687 laborate,
2823 3656 2828 3661 ·

572 3719 926 3791 circumite
971 3731 1189 3793 terras
1228 3733 1301 3791 et
1349 3722 1599 3806 maria,
1657 3734 1735 3793 ut
1782 3746 1918 3795 non
1974 3736 2335 3797 secuturas
2387 3747 2553 3818 opes
2606 3747 2727 3795 nec

577 3864 977 3914 mansuram
1031 3844 1320 3934 gloriam
1373 3847 1765 3916 cumuletis,
1822 3849 2120 3918 Somnus
2171 3856 2283 3919 est
2330 3848 2475 3919 vita
2526 3869 2724 3940 quam

576 3962 923 4053 degimus,
952 3974 1024 4035 et
1046 3965 1390 4059 quidquid
1430 3967 1500 4036 in
1535 3989 1619 4040 ea
1654 3970 1938 4061 geritur,
1981 3971 2250 4041 somnio
2288 3970 2724 4040 simillimum.

580 4085 735 4152 Sola
802 4108 992 4157 mors
1060 4111 1382 4160 somnum
1456 4100 1528 4160 ct
1594 4091 1861 4161 somnia
1926 4090 2229 4162 discutit.
2302 4094 2359 4161 Ο
2429 4093 2485 4162 si
2543 4090 2724 4182 prius
