3104 4805
541 377 656 440 184
1215 391 1298 439 ns
1332 391 1532 442 ussus
1577 388 2024 441 ammanus

538 535 707 629 quid
748 542 885 605 tam
927 535 1131 627 longa
1171 533 1306 605 sihi
1346 534 1513 608 velit
1550 534 1820 608 oratio?
1852 535 2120 608 Scilicet
2158 557 2375 607 unum
2416 559 2576 630 ago,
2615 548 2692 610 ut

537 658 835 730 amicum
878 667 1072 730 tuum
1113 657 1516 732 subscribas
1557 662 2040 756 exemplorum
2080 644 2574 747 turhae‚‘raras
2623 676 2695 737 et

534 784 711 855 forte
749 804 1003 868 vanas,
1047 782 1177 855 sed
1226 781 1462 855 firmas
1517 805 1681 880 spes
1730 783 2125 857 habentem.
2180 786 2270 856 Et
2317 785 2470 858 haec
2519 787 2715 858 mihi'

535 905 818 998 quidem
851 904 1196 978 curiosius
1229 906 1644 1002 explicanda
1666 916 1891 991 erant,
1928 916 2006 979 ut
2029 907 2351 981 affectum
2381 908 2691 982 scriben-

538 1028 625 1100 tis
664 1048 1105 1121 agnosceres,
1149 1028 1416 1100 Caetera
1454 1030 1524 1100 in
1566 1029 1839 1104 silentio
1877 1030 2224 1124 intelligis.
2266 1033 2456 1104 Vale.

1640 1221 1671 1264 1»

1535 1286 1695 1297 ——-..

1351 1529 1706 1595 EPISTOLA
1750 1531 1862 1594 XX.

878 1741 1264 1793 FRANCISCUS
1305 1742 1642 1793 PETRARCA
1685 1742 1889 1794 LAELIO
1932 1743 2050 1794 SUO
2091 1745 2144 1795 S.
2182 1746 2237 1795 P.
2276 1744 2336 1793 1).

655 1925 814 1994 Dolet
838 1939 996 1994 amici
1024 1938 1334 2007 silentium3
1364 1938 1715 1995 commendat
1739 1940 1789 1994 ei
1816 1940 2104 2011 negocium
2120 1980 2136 2008 ‚
2161 1938 2411 2012 illudque
2438 1940 2575 2012 petit

968 2033 1033 2084 ut
1058 2028 1335 2085 Cardinali
1361 2028 1719 2086 Columnensi
1743 2031 1861 2103 ipse
1887 2027 2255 2086 commendet.

737 2270 936 2361 Saepe
980 2279 1044 2338 te
1082 2268 1330 2340 litteris
1371 2269 1461 2341 ad
1509 2268 2224 2362 colloquiumelicere
2272 2268 2473 2341 nisus
2526 2291 2684 2341 sum

538 2389 981 2462 inefficaciter
1020 2387 1109 2460 ad
1148 2387 1326 2461 hanc
1364 2389 1573 2462 diem.
1614 2392 1906 2483 Pergam
1953 2390 2302 2463 silentium
2344 2401 2542 2464 tuum
2581 2389 2687 2462 in-

536 2520 980 2601 terrumpere.
1021 2509 1315 2583 Pudebit
1352 2512 1554 2584 amici
1590 2523 1688 2586 tot
1718 2516 2058 2586 clamores
2103 2515 2380 2586 tacitum
2422 2515 2683 2587 audire.

534 2631 891 2704 Labellum
957 2635 1272 2705 clausum
1322 2636 1434 2705 vel
1489 2634 1558 2704 in
1600 2635 2140 2727 indignationem
2201 2639 2403 2721 sorte,
2459 2639 2574 2709 vel
2615 2638 2685 2708 in

535 2754 725 2826 risus
767 2755 1086 2848 aperiam,
1131 2757 1243 2826 vel
1284 2755 1355 2826 in
1395 2755 1634 2828 verba.
1674 2756 1825 2828 Non
1867 2755 2100 2845 magni
2150 2757 2325 2827 facio
2359 2757 2527 2847 quid
2568 2780 2682 2829 re-

537 2876 831 2961 scribas;
860 2878 1068 2951 modo
1093 2878 1279 2972 loqui
1306 2877 1617 2969 incipiaS,
1642 2876 1864 2949 victor
1892 2898 2068 2948 sum.
2098 2876 2167 2946 Si
2195 2878 2683 2969 occupationes

535 3010 604 3072 te
643 3011 920 3072 veteres
963 3010 1223 3087 tenent,
1269 3023 1488 3073 novas
1529 3000 1875 3092 ingeram:
1920 2999 1978 3070 si
2016 2998 2307 3091 segnitie
2339 2999 2680 3069 calamum

533 3120 853 3208 amisisti,
887 3123 1250 3197 sedulitate
1285 3123 1664 3195 restituam.
1694 3122 1784 3195 At
1816 3122 1874 3194 si
1902 3126 2079 3195 sorte
2106 3119 2431 3213 superbia
2456 3121 2683 3191 extol-

535 3245 718 3331 leris,
739 3255 812 3317 et
839 3246 1048 3339 (quod
1077 3245 1417 3341 suspicari
1445 3267 1531 3316 ne
1555 3244 1854 3317 tenuiter
1874 3244 2156 3339 quidem
2177 3242 2489 3337 possum)
2514 3243 2688 3315 ami-

535 3368 638 3441 cis
664 3366 982 3441 affatibus
1011 3368 1368 3462 indignum
1404 3390 1516 3441 me
1539 3390 1821 3456 censeS‚
1851 3368 2235 3440 humilitate
2258 3366 2428 3436 mihi
2455 3365 2546 3439 ab
2572 3366 2687 3439 illo

535 3492 744 3563 animi
782 3492 1059 3585 fastigio
1092 3491 1594 3579 detrahenduS,
1634 3502 1706 3565 et
1739 3492 1810 3564 in
1846 3513 2126 3585 aequum
2161 3512 2479 3584 campum
2516 3489 2690 3561 ami-

534 3616 716 3690 citiae
746 3618 1207 3690 retrahendus
1232 3639 1333 3689 es.
1371 3618 1610 3712 ltaque
1646 3619 1747 3689 sic
1780 3616 1900 3688 tihi
1936 3616 2299 3711 persuade.
2337 3615 2688 3686 Inculcare

536 3743 857 3832 querelas
906 3750 978 3814 et
1038 3743 1333 3812 lamenta
1373 3762 1510 3812 non
1554 3740 1901 3825 desinam,
1947 3739 2170 3812 donec
2212 3738 2377 3810 mihi
2420 3740 2532 3809 vel
2567 3760 2693 3809 an-

538 3860 805 3954 tiquum
870 3863 1047 3935 inter
1110 3885 1239 3935 nos
1296 3864 1786 3936 commercium
1852 3861 2235 3934 litterarum
2315 3861 2642 3932 restituas
2667 3915 2683 3942 ,

538 3985 869 4075 quamdiu
900 3988 1145 4058 saltem
1182 3999 1317 4059 tam
1348 3985 1716 4083 propinqui
1745 4007 2019 4072 sumus,
2047 3996 2126 4056 ut
2149 3984 2543 4055 nuntiorum
2570 4003 2691 4074 pe—

537 4104 808 4175 nuriam
848 4108 1284 4198 praetendere
1321 4119 1568 4180 neuter
1607 4110 1858 4204 possit,
1912 4118 1985 4181 et
2033 4105 2234 4202 quasi
2273 4127 2399 4202 per
2441 4126 2687 4175 manus

538 4226 629 4299 ab
667 4227 883 4300 altero
923 4231 1014 4303 ad
1054 4233 1343 4303 alterum
1378 4231 1470 4303 sit
1503 4231 1953 4325 epistolarum
1990 4231 2353 4313 transitus3
2387 4230 2500 4300 vel
2531 4248 2690 4322 pro—
