3104 4805
854 379 1182 430 rammscl
1222 380 1571 430 PETRARCAE
1614 381 1961 431 Pam-mc.
2396 371 2473 432 23

342 525 594 618 quibus
633 525 992 616 displiceat
1032 526 1373 598 Ciceronis
1407 526 1655 611 oratio,
1686 529 1797 597 vel
1830 548 1963 598 non
1999 549 2206 599 nosse
2237 551 2472 600 veram

343 649 846 741 perfectamque
896 648 1319 732 facundiam,
1383 651 1494 719 vel
1555 647 1810 720 odisse.
1869 650 2057 719 Hanc
2106 673 2237 742 ego
2284 655 2474 723 calu-

346 770 597 841 mniam
614 769 1080 841 indiscussam
1108 770 1404 842 transire
1424 792 1563 841 non
1585 770 1803 863 potui,
1831 793 2248 864 quamquam
2274 774 2476 847 valde

344 892 678 964 festinem.
715 891 824 965 Ad
857 915 1000 964 rem
1036 894 1263 965 redeo.
1300 894 1511 966 Multa
1552 893 1759 985 igitur
1798 894 1910 965 hic
1948 893 2365 966 familiariter
2388 899 2477 970 ad

346 1014 630 1098 amicoS,
673 1014 850 1086 inter
889 1036 1064 1106 quos
1112 1024 1183 1086 et
1231 1015 1319 1087 ad
1370 1026 1435 1087 te
1484 1015 1732 1110 ipsum,
1779 1016 2031 1108 scripta
2069 1017 2472 1109 comperieS,

349 1159 530 1207 nunc
570 1137 657 1207 de
695 1135 986 1230 publicis
1028 1137 1457 1230 privatisque
1497 1138 1827 1230 negociis,
1882 1161 2065 1210 nunc
2102 1138 2189 1210 de
2229 1140 2482 1212 dolori-

349 1256 481 1329 bus
515 1258 770 1329 nostris
810 1257 992 1352 (quae
1033 1259 1240 1331 nimis
1280 1260 1521 1331 crebra
1561 1260 1846 1331 materia
1877 1261 2031 1354 est),
2077 1272 2196 1332 aut
2217 1261 2369 1333 aliis
2393 1262 2482 1334 de

352 1381 583 1465 rebuS,
634 1404 809 1474 quas
875 1405 1082 1454 casus
1131 1382 1377 1455 obvias
1427 1382 1602 1472 fecit.
1655 1383 1835 1454 Nihil
1886 1384 2086 1478 quasi
2138 1384 2325 1457 aliud
2369 1385 2483 1477 egi

350 1503 484 1574 nisi
548 1515 623 1575 ut
685 1505 894 1577 animi
946 1505 1080 1575 mei
1132 1516 1381 1589 statuS,
1438 1507 1548 1577 vel
1599 1505 1659 1577 si
1717 1505 1888 1598 quid
1935 1506 2120 1578 aliud
2169 1529 2475 1592 nossem,

352 1637 585 1699 notum
632 1626 825 1699 fieret
870 1626 1133 1700 amicis.
1183 1628 1521 1701 Probatur
1569 1627 1752 1699 enim
1813 1628 1982 1698 mihi
2038 1629 2225 1721 quod
2264 1629 2483 1722 prima

351 1748 440 1820 ad
477 1751 753 1820 fratrem
792 1748 1081 1842 epistola
1120 1749 1356 1822 Cicero
1394 1749 1575 1821 idem
1617 1748 1740 1833 ait,
1781 1772 1941 1821 esse
1976 1749 2286 1843 epistolae
2325 1773 2484 1844 pro-

350 1871 604 1964 prium,
670 1881 745 1941 ut
807 1872 870 1942 is
934 1872 1027 1942 ad
1078 1893 1284 1962 quem
1350 1872 1674 1942 scribitur
1732 1873 1820 1943 de
1877 1871 1989 1942 his
2043 1871 2252 1942 rebus
2303 1896 2483 1965 quas

351 1993 648 2083 ignorat,
690 1994 935 2066 certior
976 1994 1115 2066 fiat.
1158 1995 1383 2087 Atque
1429 2017 1512 2066 ea
1563 1993 1731 2065 mihi
1782 1993 1957 2064 tituli
2005 1993 2134 2064 fuit
2180 1995 2479 2079 occasi0,

353 2114 445 2186 de
471 2139 607 2209 quo
641 2117 1006 2210 aliquando
1030 2116 1372 2208 cogitanti,
1407 2116 1731 2209 quamvis
1756 2116 2198 2209 epistolarum
2233 2138 2484 2187 nomen

350 2251 881 2311 consentaneum
934 2240 1143 2312 rebus
1193 2249 1405 2323 esset,
1456 2238 1622 2331 quia
1673 2250 1900 2311 tamen
1947 2251 2017 2311 et
2064 2239 2257 2311 multi
2297 2250 2486 2312 vete-

348 2386 506 2435 rum
543 2385 627 2436 eo
669 2363 778 2435 usi
814 2374 1038 2450 erant,
1080 2373 1150 2436 et
1189 2363 1333 2458 ipse
1370 2385 1502 2455 ego
1541 2362 1816 2435 varium
1866 2384 2145 2435 carmen
2185 2361 2273 2435 ad
2314 2361 2486 2433 ami-—

346 2508 503 2570 σος,
545 2486 631 2558 de
669 2508 806 2579 quo
845 2489 1047 2580 paulo
1088 2508 1299 2579 supra
1339 2485 1593 2558 mentio
1631 2485 1896 2571 incidit,
1934 2487 2176 2558 eodem
2213 2509 2482 2580 praeno-

353 2606 608 2693 tabam,
644 2607 753 2680 bis
785 2631 869 2682 eo
903 2609 999 2680 uti
1035 2609 1285 2702 piguit:
1313 2630 1712 2699 novumque
1745 2608 1898 2680 ideo
1922 2609 2177 2701 placuit
2210 2632 2478 2694 nomen,

349 2744 428 2804 ut
459 2734 866 2823 familiarum
903 2757 1126 2805 rerum
1164 2733 1338 2806 liber
1379 2733 1744 2818 diceretur,
1798 2733 1867 2804 in
1914 2756 2054 2826 quo
2092 2755 2311 2827 pauca
2352 2735 2486 2805 sci-

352 2855 503 2929 licet
526 2858 899 2930 admodum
931 2858 1294 2952 exquisite,
1324 2858 1538 2928 multa
1570 2856 2008 2939 familiariter,
2025 2857 2249 2948 deque
2273 2854 2484 2927 rebus

351 2979 799 3052 familiaribus
835 2981 1086 3074 scripta
1115 2990 1313 3051 erant
1343 3003 1358 3061 ;
1398 2978 1530 3049 etsi
1573 2978 1942 3061 interdum,
1985 2976 2306 3067 exigente
2339 2998 2487 3048 ma-

356 3101 538 3188 teria,
578 3102 874 3196 simplex
897 3113 967 3174 et
992 3102 1408 3175 inelaborata
1448 3100 1777 3185 narratio,
1822 3098 2240 3192 quibusdam
2279 3098 2488 3170 inter-

355 3224 545 3298 iectis
608 3225 1029 3309 moralibus3
1091 3226 1279 3319 quod
1324 3236 1393 3297 et
1440 3224 1530 3296 ab
1570 3224 1721 3316 ipso
1762 3222 2082 3295 Cicerone
2133 3232 2485 3295 servatum

351 3359 481 3419 est.
521 3349 609 3418 Et
646 3350 799 3421 haec
838 3361 976 3421 tam
1016 3352 1229 3421 multa
1276 3349 1555 3442 quidem
1606 3349 1694 3421 de
1735 3359 1872 3420 tam
1922 3370 2138 3440 parva
2186 3371 2261 3418 re
2299 3349 2486 3439 loqui

350 3490 719 3541 censorum
769 3471 1314 3564 pet-mordacium
1366 3470 1558 3542 iubet
1602 3481 1860 3554 metuS,
1929 3468 2049 3563 qni
2099 3468 2268 3538 nihil
2318 3467 2487 3537 scri-

356 3590 594 3665 bentes
635 3594 820 3687 quod
859 3594 1148 3666 iudicari
1187 3605 1421 3687 queat,
1476 3593 1564 3663 de
1614 3592 1901 3663 aliorum
1951 3589 2257 3661 iudicant
2294 3587 2487 3674 inge-

354 3712 511 3783 niis.
551 3716 1152 3808 Impudentissima
1194 3715 1572 3797 temeritaS,
1627 3734 1787 3804 quae
1829 3711 1974 3782 solo
2026 3707 2292 3781 silentio
2343 3718 2487 3780 tuta

350 3847 482 3908 est.
527 3836 904 3930 Complosis
943 3838 1010 3910 in
1045 3838 1239 3910 litore
1271 3836 1592 3909 manibus
1629 3832 1893 3906 sedenti
1933 3830 2126 3904 facile
2163 3842 2274 3902 est
2311 3832 2487 3904 ferre

352 3981 566 4051 quam
606 3961 769 4032 velit
805 3963 893 4035 de
933 3961 1415 4054 gubernatoris
1458 3970 1605 4030 arte
1647 3954 2072 4029 sententiam.
2124 3954 2485 4026 Adversus

356 4081 531 4154 hanc
592 4086 1009 4177 proterviam
1075 4084 1353 4157 latebris
1423 4086 1662 4155 saltem
1733 4078 1868 4152 tuis
1933 4078 2287 4151 horridula
2336 4079 2488 4150 haec

351 4217 557 4300 atque
593 4207 978 4301 improvide
1013 4208 1210 4279 nobis
1243 4209 1477 4302 elapsa
1513 4202 1876 4278 defendito.
1922 4203 2110 4275 Illam
2150 4222 2317 4272 vero
2347 4219 2483 4269 non
