3104 4805
579 322 695 382 354

1244 474 1283 535 F
1289 472 1619 537 RANCISCI
1660 474 2070 540 PETRARCAE

858 705 996 782 DE
1105 706 1473 787 REBUS
1590 707 2447 793 FAMILIARIBUS

1199 938 1506 1009 LIBER
1591 939 2112 1010 SEPTIMUS.

1437 1458 1792 1563 EplsToLA
1832 1461 1873 1524 1.

738 1635 1122 1685 FRANCISCUS
1167 1635 1504 1684 PETRARCA
1548 1635 1845 1684 BARBATO
1889 1635 2287 1684 SULMONENSI
2328 1636 2380 1684 S.
2418 1637 2472 1684 P.
2508 1634 2567 1684 D.

575 1798 752 1869 Regni
790 1796 1134 1869 Neapolitani
1175 1780 1544 1852 conditionem
1582 1803 1637 1851 et
1674 1798 2012 1853 calamitates
2056 1804 2177 1870 post
2222 1799 2367 1870 regis
2409 1799 2611 1854 caedem
2648 1800 2729 1853 in·

750 1895 1011 1958 gruentes
1046 1888 1370 1956 miseratus,
1399 1886 1527 1941 inde
1560 1887 1759 1959 pedem
1790 1888 1997 1943 referre
2035 1888 2230 1944 suadet
2261 1890 2530 1959 amicum,
2566 1889 2727 1961 eique

751 1978 1049 2050 hospitium
1078 1977 1376 2032 liberaliter
1403 1976 1595 2032 defert.

771 2219 952 2288 Inter
992 2215 1398 2301 multifidaS,
1453 2218 1711 2310 quibus
1760 2218 2116 2301 obsideor,
2163 2239 2395 2303 curas,
2436 2218 2548 2289 illa
2589 2241 2726 2294 non

576 2341 813 2414 ultima
852 2350 983 2425 est,
1027 2362 1236 2432 quam
1271 2363 1365 2411 ex
1409 2362 1639 2413 rerum
1672 2354 1945 2415 tuarum
1982 2341 2463 2437 expectatione
2504 2342 2729 2413 conci-

576 2467 704 2558 pio.
760 2464 939 2546 Quid
990 2462 1172 2533 enim
1226 2463 1391 2534 mihi
1445 2465 1744 2538 Barbato
1798 2489 1954 2537 meo
2004 2466 2297 2536 carius?
2345 2464 2528 2548 Quid
2578 2465 2730 2537 dul-

575 2586 722 2657 cius
750 2590 782 2655 ⁴?
821 2584 1048 2656 Anxia
1092 2608 1206 2658 res
1250 2611 1472 2674 amor,
1517 2590 1832 2673 credula,
1882 2589 2137 2674 timida,
2185 2588 2469 2672 solicita,
2501 2589 2730 2659 omnia

575 2708 1169 2802 circumspiciens,
1237 2720 1307 2782 et
1371 2735 1548 2782 vana
1611 2712 1816 2781 etiam
1884 2733 1964 2780 ac
2030 2733 2275 2781 secura
2328 2710 2727 2781 formidans

577 2836 752 2903 Ecce
803 2833 990 2925 quod
1041 2857 1313 2927 semper
1366 2833 1599 2915 timui;
1666 2854 1827 2903 ecce
1879 2831 2065 2923 quod
2119 2853 2395 2921 semper
2435 2832 2725 2922 scripsi;

576 2979 734 3028 ecce
774 2957 962 3047 quod
1000 2958 1305 3050 quotidie
1346 2955 1705 3037 dicebam3
1759 2974 1896 3023 non
1951 2961 2220 3045 poterat
2271 2961 2407 3021 tam
2460 2951 2722 3020 soedum

576 3079 841 3151 facinus
883 3079 1286 3173 impunitum
1321 3098 1523 3147 esse:
1571 3088 1640 3146 et
1672 3084 1782 3145 est
1825 3073 1990 3145 ultio
2022 3074 2178 3144 haec
2214 3072 2559 3165 aliquanto
2610 3092 2723 3141 se-

580 3204 716 3273 rior
764 3225 973 3295 quam
1024 3199 1280 3292 putavi.
1333 3198 1540 3268 Verte
1591 3206 1850 3280 autem,
1906 3198 2123 3277 Deus,
2187 3194 2357 3264 iram
2417 3207 2601 3264 tuam
2653 3191 2723 3260 in

577 3338 893 3398 auctores
922 3324 1282 3406 scelerum,
1326 3329 1398 3390 et
1429 3330 1642 3390 noxia
1677 3319 1901 3415 capita
1935 3319 2149 3410 digno
2186 3315 2518 3410 supplicio
2570 3314 2725 3398 feri;

579 3471 780 3541 parce
827 3447 982 3542 piis,
1041 3465 1243 3537 parce
1297 3442 1643 3516 fidelibus.
1687 3443 1870 3529 Quid
1911 3443 2155 3515 insons
2197 3441 2447 3513 meruit
2494 3440 2730 3537 plebe-

577 3574 729 3643 cula
756 3576 789 3641 ?
828 3568 1006 3654 Quid
1050 3590 1249 3642 sacra
1288 3571 1491 3640 tellus
1534 3567 1843 3641 Ausonia
1869 3572 1903 3639 ἵ)
1941 3570 2122 3639 Ecce
2155 3566 2293 3637 iam
2330 3565 2561 3661 pulvis
2605 3565 2731 3637 ita—

579 3695 750 3765 licus
802 3715 1056 3786 gressu
1105 3693 1411 3787 quatitur
1452 3692 1857 3774 barbariem
1896 3702 1967 3764 et
2006 3691 2308 3763 victores
2359 3689 2521 3765 olim
2562 3710 2732 3780 gen-

585 3817 779 3902 tium,
834 3840 1018 3888 nunc
1076 3815 1247 3886 heu!
1307 3815 1729 3887 vincentium
1790 3815 2033 3911 praeda
2089 3836 2378 3896 sumus;
2446 3812 2595 3883 sive
2659 3811 2731 3883 id

581 3935 863 4031 peccata
920 3951 1157 4012 nostra
1206 3961 1546 4021 meruere,
1601 3938 1751 4009 sive
1815 3939 2123 4030 iniquum
2165 3946 2235 4007 et
2286 3936 2481 4006 triste
2533 3935 2728 4007 sidus

583 4061 860 4153 aliquod
922 4062 1219 4134 adverso
1284 4063 1563 4133 numine
1628 4082 1754 4152 nos
1807 4070 2113 4145 exercet,
2172 4058 2324 4130 sive
2386 4059 2479 4152 (in
2540 4056 2729 4149 quod

588 4181 807 4273 magis
845 4183 1145 4278 inclinor)
1178 4185 1449 4276 integri,
1485 4207 1669 4257 nunc
1710 4183 2020 4256 scelestis
2056 4181 2294 4266 additi,
2325 4176 2725 4252 criminibus
