3104 4805
561 407 680 471 180
1231 420 1312 468 nn
1357 417 1559 469 nanus
1601 418 2041 469 rammmnns

558 567 674 639 dio
712 566 1090 648 cumulent,
1136 562 1260 635 sed
1299 561 1600 635 habendi
1650 562 1950 649 libidine,
2009 586 2236 658 neque
2286 574 2428 637 tam
2477 576 2557 637 ut
2606 567 2714 637 in-

559 689 745 782 genii
780 685 1206 783 praesidium,
1246 707 1456 779 quam
1492 694 1569 756 ut
1601 684 1883 758 thalami
1917 697 2417 759 ornamentum.
2454 685 2711 782 Atque,

413 915 424 924 ι
561 825 638 885 ιιι
676 812 979 904 reliquos
1017 810 1281 896 sileam,
1319 810 1447 881 fuit
1478 812 1812 883 Romanae
1843 810 2294 883 Bibliothecae
2327 834 2496 884 cura
2529 812 2714 884 divis

561 931 1093 1027 imperatoribus
1133 931 1301 1003 lulio
1345 931 1633 1016 Caesari,
1677 940 1749 1003 et
1786 931 2045 1003 Caesari
2086 928 2433 1024 Augusto:
2469 943 2717 1006 ta'ntae-

560 1078 698 1150 que
739 1055 837 1127 rei
870 1057 1241 1151 praefectus
1283 1053 1374 1126 ab
1414 1055 1634 1126 altero
1672 1055 1865 1149 (pace
1905 1055 2232 1127 Demetrii
2265 1055 2579 1129 Phalerei
2611 1057 2719 1129 di-

562 1179 808 1262 xerim,
854 1178 973 1271 qui
1012 1177 1082 1248 in
1116 1178 1247 1249 hac
1283 1200 1356 1251 re
1393 1180 1660 1250 clarum
1696 1179 1884 1271 apud
1918 1178 2297 1276 AEgyptios-
2318 1202 2567 1252 nomen
2592 1180 2717 1252 ha-

562 1301 886 1396 bet)nihil
911 1300 1207 1387 inferior,
1238 1323 1325 1372 ne
1351 1300 1575 1373 dicam
1602 1303 1810 1393 longe
1838 1302 2169 1395 superior,
2187 1302 2458 1374 Marcus
2472 1304 2712 1388 Varro,

566 1427 661 1499 ab
686 1423 1531 1518 alteroPompeiusMacer,
1552 1425 1662 1497 vir
1676 1434 1748 1497 et
1771 1423 1921 1522 ipse
1948 1425 2413 1501 doctissimus.
2431 1426 2717 1498 Summo

570 1569 846 1644 quoque
886 1549 1152 1621 Graecae
1191 1547 1597 1640 Latinaeque
1638 1547 2086 1622 Bibliothecae
2122 1548 2348 1621 studio
2398 1548 2717 1642 flagravit

562 1665 846 1738 Asinius
886 1665 1099 1738 Pollio
1139 1675 1370 1737 orator
1404 1665 1867 1751 clarissimuS,
1914 1665 2032 1759 qui
2075 1666 2341 1760 primus
2382 1666 2560 1738 hanc
2583 1669 2721 1740 Ro-

565 1808 702 1860 mae
740 1787 1137 1881 publicasse
1178 1788 1488 1861 traditur.
1533 1789 1654 1860 llla
1689 1789 1874 1860 enim
1911 1789 2181 1882 privata
2218 1800 2405 1874 sunt;
2442 1790 2721 1863 Catonis

565 1913 973 1986 insatiabilis
1013 1913 1346 1985 librorum
1379 1915 1622 1996 fameS,
1651 1912 1852 1984 cuius
1893 1912 2130 1985 Cicero
2164 1913 2363 1985 testis
2381 1924 2521 1998 est;
2556 1913 2725 2008 ipsi-

568 2058 794 2132 usque
849 2036 1198 2108 Ciceronis
1252 2036 1575 2109 ardorem
1618 2036 1709 2108 ad
1756 2035 2205 2130 inquirendos
2240 2034 2472 2120 libros,
2512 2058 2721 2129 quam
2781 2070 2791 2086 ·

567 2162 806 2232 multae
855 2169 1197 2232 testantur
1245 2158 1558 2253 epistolae
1608 2158 1699 2231 ad
1748 2158 2076 2245 Atticum,
2128 2160 2239 2232 cui
2288 2182 2442 2233 eam
2482 2182 2721 2233 curam

566 2304 706 2354 non
749 2280 1033 2373 segnius
1076 2272 1391 2373 imponit,
1436 2302 1655 2373 agens
1698 2303 1969 2355 summa
2002 2283 2330 2356 instantia
2372 2285 2726 2376 multaque

567 2424 848 2496 precum
891 2402 990 2486 vi,
1038 2424 1176 2495 qua
1216 2424 1350 2494 ego
1389 2425 1574 2475 nunc
1615 2402 1758 2474 tibi.
1821 2406 2023 2491 Quod
2083 2406 2141 2477 si
2201 2408 2725 2500 opulentissimo

567 2522 843 2614 ingenio
882 2524 1303 2615 permittitur
1334 2525 1671 2600 librorum
1703 2528 2078 2620 patrocinia
2112 2530 2521 2618 mendicare,
2557 2532 2728 2625 quid

566 2658 773 2743 putas
814 2646 1019 2719 licere
1060 2648 1296 2742 inopi‘?
1335 2651 1502 2723 Haec
1534 2671 1661 2745 pro
1693 2650 2147 2722 excusatione
2183 2652 2333 2724 vitii
2372 2656 2529 2738 mei,
2568 2676 2728 2746 pro-

567 2792 707 2863 que
760 2771 1005 2843 solatio
1058 2781 1403 2845 tantorum
1444 2771 1774 2844 comitum
1815 2772 1996 2843 dicta
2049 2772 2206 2843 sint.
2264 2775 2365 2844 Tu
2415 2796 2608 2858 vero,
2666 2776 2726 2846 si

570 2892 691 2963 tibi
730 2915 935 2966 carus
991 2916 1172 2980 sum,
1227 2893 1574 2988 aliquibus
1626 2891 1783 2966 fidis
1834 2902 1905 2964 et
1953 2892 2270 2966 litteratis
2321 2895 2492 2965 viris
2543 2896 2724 2969 hanc

569 3038 809 3088 curam
875 3016 1226 3114 imponito.
1294 3016 1645 3089 Etruriam
1721 3015 2162 3109 perquirant,
2242 3015 2718 3109 religiosorum

571 3138 869 3210 armaria
893 3141 1236 3224 evolvant,
1265 3150 1818 3233 caeterorumque
1844 3138 2318 3211 studiosorum
2343 3136 2720 3223 hominum,

575 3260 633 3334 si
672 3261 842 3355 quid
881 3284 1103 3356 usque
1141 3272 1559 3356 emergeret,
1604 3262 1973 3348 leniendae,
2017 3259 2270 3350 dicam,
2323 3288 2412 3337 an
2450 3261 2728 3335 irritan-

573 3386 687 3458 dae
728 3385 842 3457 siti
884 3406 1058 3459 meae
1097 3385 1442 3458 idoneum.
1497 3386 1870 3471 Caeterum,
1908 3385 2044 3459 etsi
2082 3407 2222 3459 non
2264 3386 2541 3481 ignores
2576 3384 2731 3480 qui-

574 3509 708 3583 bus
748 3509 1035 3583 lacubus
1076 3496 1353 3603 piscari,
1407 3509 1808 3605 quibusque
1858 3511 2196 3583 fruticetis
2246 3510 2575 3605 aucupari
2616 3531 2730 3584 so-

574 3635 706 3720 leo,
750 3656 840 3706 ne
879 3656 1018 3728 qua
1057 3643 1287 3706 tamen
1327 3632 1467 3705 falli
1506 3655 1747 3729 queas,
1792 3634 1902 3707 his
1940 3656 2260 3707 seorsum
2285 3634 2531 3707 litteris
2563 3633 2733 3727 quid

576 3757 880 3830 maxime
914 3757 1124 3829 velim
1160 3756 1566 3830 interserui:
1602 3780 1881 3853 quoque
1913 3757 2308 3851 vigilantior
2344 3757 2499 3844 fiae,
2539 3758 2728 3842 scito,

578 3899 689 3948 me
725 3880 1011 3952 easdem
1063 3901 1307 3975 preces
1361 3880 1607 3953 amicis
1659 3880 1811 3952 aliis
1862 3880 1932 3951 in
1981 3882 2403 3955 Britanniam
2446 3881 2736 3953 Gallias-

579 4019 714 4089 que
761 3996 830 4070 et
882 4001 1248 4096 Hispanias
1300 3999 1720 4075 destinasse.
1761 4003 1864 4074 Ne
1903 4003 2014 4076 cui
2065 4025 2238 4099 ergo
2288 4003 2426 4077 fide
2466 4006 2579 4076 vel
2629 4001 2732 4074 in-

580 4119 847 4194 dustria
886 4125 1191 4200 cessisse
1235 4126 1577 4211 videaris,
1620 4126 1901 4200 enitere.
1946 4128 2136 4200 Vale.
