3104 4805
893 395 1078 443 LIBER
1121 395 1445 444 SEPTIMUS.
1470 415 1550 427 —-
1570 397 1877 448 EPISTULA
1918 401 2039 448 xlv.
2429 391 2547 450 3⁸.)ss

1200 679 1555 742 EPISTOLA
1599 679 1739 741 XlV.

589 883 971 933 FRANCISCUS
1015 884 1351 933 PETRARCA
1393 886 1604 933 BRUNO
1645 887 2052 935 FLORENTINO
2099 887 2150 934 S.
2198 889 2252 936 Ρ.
2303 891 2360 937 D.

1036 1049 1337 1103 Amantum
1366 1065 1508 1104 caeca
1538 1066 1664 1104 esse
1695 1050 1914 1104 iudicia.

589 1271 822 1341 Solum
868 1290 996 1341 seu
1038 1271 1204 1342 solis
1247 1270 1649 1344 comitatum
1698 1271 1885 1341 curis
1928 1272 2222 1365 epistola
2276 1282 2392 1342 tua
2444 1295 2553 1345 me

393 1391 649 1483 reperit
698 1392 982 1463 laudum
1048 1415 1362 1465 mearum
1413 1403 1669 1465 onusta
1722 1394 2136 1483 praeconiis:
2190 1403 2261 1464 et
2309 1416 2554 1486 quam-

391 1534 601 1603 quam
649 1515 843 1585 testis
885 1513 1172 1598 abforet,
1216 1515 1464 1585 erubui
1509 1522 1741 1584 tamen
1785 1514 1966 1584 inter
2006 1516 2409 1606 legendum,
2455 1518 2553 1588 sa-

393 1644 561 1704 teor.
604 1636 780 1718 Quia
822 1659 988 1707 vero
1029 1659 1166 1708 non
1208 1637 1561 1731 proprium
1614 1645 1736 1708 aut
1784 1636 2073 1706 alterius
2124 1660 2263 1707 non
2314 1660 2552 1709 aman-

394 1756 518 1838 tis,
566 1756 691 1826 sed
733 1756 913 1826 illius
964 1757 1367 1829 amicissimi
1422 1758 1611 1828 senis
1667 1758 2133 1829 testimonium
2190 1769 2429 1830 secuta
2480 1760 2549 1828 in

375 1898 547 1968 *eam
596 1879 1059 1949 narrationem
1105 1890 1431 1965 venerat,
1487 1881 1716 1951 minus
1759 1881 1986 1951 attulit
2026 1881 2314 1972 negocii.
2370 1882 2545 1952 Illud

390 2000 574 2071 enim
615 2000 935 2071 omnibus
978 2024 1140 2093 quae
1181 2005 1292 2073 vel
1336 2002 1521 2074 dicta
1564 2012 1754 2086 sunt,
1804 2006 1914 2073 vel
1966 2004 2036 2073 in
2089 2004 2338 2075 eadem
2394 2026 2552 2074 sen-

393 2125 601 2195 tentia
628 2125 763 2196 dici
790 2136 1101 2218 possunt,
1133 2125 1586 2219 respondisse
1628 2126 2014 2197 suffecerit:
2058 2129 2280 2197 solere
2313 2148 2552 2197 aman-

394 2256 535 2317 tum
580 2239 767 2318 caeca
808 2269 971 2318 esse
1011 2245 1282 2318 iudicia.
1329 2246 1501 2318 Hinc
1540 2257 1613 2318 et
1646 2247 1831 2339 apud
1864 2249 2185 2319 Flaccum
2220 2246 2550 2318 Balbinus

390 2368 612 2461 Agnae
653 2371 903 2464 polypo
944 2368 1364 2452 delectatum
1408 2379 1477 2440 et
1517 2368 1705 2464 apud
1756 2372 2012 2462 vulgus
2067 2368 2399 2441 amatoria
2450 2369 2549 2439 sa-

389 2492 569 2562 bella
606 2503 717 2562 est
755 2492 909 2562 eius
948 2493 1067 2584 qui
1111 2494 1496 2563 monoculae
1537 2492 1850 2564 mulieris
1887 2513 2121 2564 amore
2154 2500 2544 2583 correptuS,

389 2636 428 2684 a
469 2613 876 2707 parentibus
918 2614 1190 2686 tandem
1234 2615 1476 2685 morbo
1515 2613 2038 2686 consulentibus
2073 2614 2145 2684 in
2179 2615 2350 2685 alias
2384 2635 2548 2684 oras

386 2738 669 2818 missus,
698 2747 768 2807 et
795 2748 951 2832 post
976 2738 1238 2830 aliquot
1263 2759 1500 2821 annos,
1529 2758 1766 2809 amore
1795 2736 2129 2831 deposito,
2161 2736 2232 2806 in
2256 2736 2545 2830 patriam

387 2880 745 2944 reversuS,
791 2860 963 2929 forte
998 2859 1091 2929 illi
1127 2881 1337 2952 quam
1377 2859 1828 2930 vehementer
1863 2869 2224 2930 amaverat
2261 2857 2543 2941 obviuS,

384 3005 466 3053 ao
500 2991 783 3076 repente
829 2982 1006 3053 tristi
1040 2981 1352 3053 concitus
1391 2983 1808 3075 spectaouIO,
1849 2982 2206 3072 quaesivit,
2243 3003 2543 3073 quonam

383 3105 496 3175 illa
546 3127 716 3176 casu
786 3107 1061 3175 oculum
1121 3103 1495 3174 amisisset.
1564 3102 1873 3185 Minime,
1955 3102 2201 3194 inquit,
2269 3102 2544 3170 oculum

385 3226 608 3308 amisi,
668 3226 793 3295 sed
862 3236 936 3294 tu
1001 3227 1238 3295 oculos
1308 3223 1659 3292 invenisti.
1727 3224 2051 3293 Graviter
2116 3220 2397 3312 quidem
2467 3241 2547 3291 ac

384 3347 736 3436 praeclare.
783 3345 921 3413 Sed
964 3366 1051 3413 ne
1095 3345 1315 3434 plura.
1370 3342 1437 3409 Si
1491 3342 1652 3431 quis
1720 3362 2016 3432 usquam
2086 3350 2198 3412 est
2264 3361 2539 3425 amanS,

386 3486 606 3535 senex
646 3472 884 3533 noster
923 3475 1033 3533 est
1072 3461 1596 3531 amantissimus
1642 3482 1949 3531 suorum.
1989 3464 2061 3531 ln
2100 3462 2381 3553 reliquis
2418 3463 2545 3551 igi-

387 3594 497 3655 tur
536 3585 895 3678 deinceps,
941 3584 1001 3653 si
1042 3582 1211 3675 quid
1253 3580 1422 3651 mihi
1464 3580 1624 3651 fidei
1667 3590 1807 3663 est,
1854 3582 1985 3653 sibi
2028 3605 2165 3653 non
2207 3593 2284 3653 ut
2316 3584 2546 3655 Dodo-

382 3731 539 3779 naeo
582 3706 760 3789 Iovi,
806 3707 918 3774 vel
959 3704 1288 3794 Delphico
1330 3702 1656 3796 Apollini,
1706 3701 1830 3772 sed
1881 3712 1957 3772 ut
1997 3705 2150 3775 viro
2189 3703 2387 3775 unice
2423 3727 2545 3774 ve-

382 3829 598 3900 ridico
625 3826 879 3898 adhibe
909 3846 1116 3896 aures
1152 3826 1616 3917 animumque.
1662 3824 1996 3907 Quotiens
2032 3825 2120 3896 ad
2154 3848 2294 3908 me,
2334 3847 2540 3917 quem

384 3960 670 4041 paterne
713 3960 925 4033 amat,
972 3949 1128 4019 eius
1169 3948 1539 4019 mellifluus
1580 3956 1652 4018 et
1693 3948 1934 4018 suavis
1980 3969 2212 4019 sermo
2254 3948 2543 4019 descen-

382 4072 590 4157 derit,
639 4073 915 4164 parcius
957 4070 1192 4154 crede,
1238 4069 1370 4141 nisi
1412 4072 1588 4141 forte
1634 4068 1847 4163 (quod
1887 4070 2123 4141 nescio
2175 4091 2263 4139 an
2307 4070 2374 4138 in
2430 4093 2542 4141 sa—

380 4194 681 4285 pientem
721 4192 949 4285 cadat)
996 4215 1230 4265 errare
1276 4214 1765 4285 nonnunquam
1810 4202 1880 4263 et
1913 4191 2133 4286 decipi
2171 4192 2372 4266 dulce
2404 4200 2533 4261 est.
