3104 4805
870 397 1052 444 LIBER
1097 396 1437 445 SECUNDUS.
1462 415 1543 428 ·—·
1564 397 1871 446 EPISTULA
1915 398 1997 446 111.
2430 388 2501 446 97

354 543 467 613 sit:
504 542 745 611 iussus
788 561 867 609 es
911 540 1332 611 Florentiam
1373 542 1502 625 ire,
1548 549 1619 611 et
1660 541 1794 612 illic
1835 563 2149 627 manere,
2189 545 2409 615 donec
2447 555 2510 616 te

352 666 649 758 populus
710 672 1008 734 revocet.
1067 663 1306 736 Nonne
1360 663 1856 735 animadvertis
1924 675 2223 757 quantas
2279 676 2510 759 grates

323 809 559 879 ,agere
631 785 892 858 debeas
958 786 1482 878 magistratibus
1550 786 1713 871 tuis,
1789 788 1908 880 qui
1967 796 2036 857 te
2096 789 2245 861 ocio
2308 792 2512 880 longo

354 911 785 1004 consopitum
847 910 1275 994 excitarunt,
1339 921 1410 980 et
1470 932 1564 981 ex
1629 910 1957 981 diuturna
2013 914 2515 984 consuetudine

358 1034 682 1106 maternis
710 1033 845 1104 ube
856 1034 1046 1105 ribus
1074 1033 1458 1106 haerentem
1475 1033 1966 1117 ,abduxerunt3
2003 1044 2240 1127 teque,
2278 1058 2373 1105 ex
2397 1057 2519 1128 pa-

362 1158 489 1228 tria
531 1155 632 1251 (ut
670 1179 838 1250 pace
888 1168 1003 1227 tua
1043 1155 1364 1249 dixerim)
1409 1158 1701 1227 multum
1754 1156 2028 1248 impari,
2064 1156 2133 1225 in
2169 1157 2515 1229 civitatem

362 1278 916 1350 florentissimam
960 1277 1257 1348 transire
1299 1282 1714 1350 voluerunt?
1747 1281 1891 1352 Hoc
1926 1280 2206 1372 inquam
2239 1290 2522 1373 praeter—

363 1426 468 1488 eo,
513 1402 839 1495 quoniam
893 1402 993 1474 sic
1045 1422 1289 1474 sumus
1334 1403 1739 1476 naturaliter
1777 1405 2022 1490 affecti,
2064 1415 2141 1475 ut
2190 1403 2517 1476 incultum

364 1527 519 1597 licet
558 1548 641 1598 ac
679 1526 1041 1597 desertum
1080 1520 1469 1618 scopulum,
1501 1527 1623 1599 ubi
1655 1537 1853 1600 natos
1889 1551 2017 1600 nos
2050 1530 2523 1621 educatosque

364 1648 823 1732 meminimuS,
867 1648 1188 1720 omnibus
1231 1649 1785 1743 anteponendum
1828 1651 2030 1721 terris
2084 1649 2519 1722 arbitremur.

364 1771 567 1855 Quod
594 1769 651 1841 si
678 1770 1047 1865 aliquando
1071 1794 1266 1843 error
1286 1772 1418 1844 iste
1442 1783 1775 1859 cessaret,
1799 1773 2199 1864 ignosceres
2220 1776 2523 1867 profecto

366 1896 682 1977 sortunae3
734 1894 944 1966 immo
995 1916 1163 1966 vero
1215 1896 1493 1965 veniam
1544 1907 1852 1989 peteres,
1891 1897 2079 1989 quod
2112 1894 2521 1967 beneficium

368 2039 571 2088 suum
614 2040 746 2088 non
790 2027 946 2088 ante
998 2018 1432 2109 cognoveris.
1475 2017 1675 2090 Adde
1724 2019 1914 2111 quod
1955 2019 2132 2089 duos
2168 2020 2523 2111 praeclarae

368 2138 613 2210 indolis
640 2137 816 2210 filios
852 2150 1075 2210 tecum
1111 2138 1446 2225 eduxisti,
1486 2141 1779 2211 alterum
1812 2139 2161 2225 iuvenem,
2201 2140 2520 2211 infantem

367 2284 532 2334 vero
566 2264 882 2345 alterum,
912 2263 1442 2356 peropportunis
1469 2274 1753 2336 aetatum
1782 2263 2118 2356 gradibus
2146 2263 2519 2335 distantes:

368 2396 445 2456 ut
486 2386 741 2458 scilicet
788 2408 946 2457 cum
999 2385 1113 2457 illo
1163 2409 1489 2459 curarum
1541 2387 1884 2460 sarcinam
1937 2387 2179 2482 partiri
2228 2409 2520 2481 posseS,

370 2533 528 2582 cum
568 2510 700 2582 hoc
736 2511 941 2582 etiam
982 2512 1317 2584 oblivisci.
1373 2513 1546 2584 Hinc
1595 2514 2003 2607 praesidium
2054 2513 2285 2597 videS,
2342 2512 2525 2582 illinc

340 2635 681 2705 *solamen
726 2636 1164 2726 profectionis
1221 2646 1376 2707 tuae.
1443 2636 1527 2706 Hi
1593 2636 1714 2706 tibi
1765 2637 2033 2708 dulcem
2083 2637 2374 2728 patriam
2425 2637 2530 2706 fa-

370 2755 661 2828 ciebant:
710 2755 841 2828 hos
891 2757 1146 2828 habes:
1197 2758 1366 2850 quid
1418 2759 1712 2851 requiris
1764 2758 1999 2830 aliud?
2049 2760 2398 2850 Expectas
2453 2768 2529 2828 ut

374 2902 553 2951 uxor
591 2879 1071 2973 pudicissima,
1117 2890 1195 2951 ut
1234 2891 1559 2975 parentes
1607 2881 1868 2976 optimi,
1920 2891 2000 2952 ut
2050 2878 2532 2950 blandissimae

376 3003 533 3075 filiae
586 3004 1056 3075 reviviscant?
1103 3004 1255 3074 Non
1306 3004 1458 3076 illos
1511 3004 1634 3075 tibi
1682 3004 1971 3075 exilium
2020 3002 2346 3087 abstulit,
2403 3006 2530 3076 sed

376 3148 592 3198 mors:
636 3149 847 3219 quam
889 3149 1047 3197 cum
1089 3126 1340 3197 totiens
1381 3126 1829 3199 insultantem
1869 3137 1940 3199 et
1979 3150 2211 3199 rerum
2256 3134 2528 3204 tuarum

377 3249 779 3321 dulcissima
819 3271 1121 3343 quaeque
1157 3239 1537 3343 rapientem
1575 3251 1861 3339 viceris,
1899 3275 2038 3323 non
2072 3250 2291 3323 debes
2324 3250 2535 3322 exilio

380 3371 592 3457 vinci,
630 3373 817 3466 quod
859 3382 923 3444 te
962 3375 1193 3446 omnia
1229 3375 1395 3445 vitae
1437 3374 1688 3467 prioris
1742 3376 2182 3460 adminicula,
2234 3386 2304 3445 et
2354 3393 2531 3464 prae-

379 3495 579 3588 cipue
619 3507 841 3581 natOS,
883 3484 1228 3568 tantorum
1279 3497 1647 3591 pignorum
1699 3497 2057 3590 reliquias,
2095 3498 2367 3567 auferre
2400 3515 2538 3563 non

379 3617 718 3710 prohibet.
760 3619 1021 3689 Verum
1058 3642 1221 3711 ego,
1265 3630 1343 3691 ut
1382 3619 1559 3705 dixi,
1590 3629 1661 3690 et
1694 3618 1825 3689 hoc
1857 3617 2202 3700 solatium,
2236 3626 2306 3685 et
2334 3636 2537 3685 omno

381 3745 568 3835 quod
617 3747 913 3816 fortunae
961 3745 1209 3817 ictibus
1265 3743 1652 3816 subiectum
1694 3752 1827 3827 est,
1899 3740 2086 3812 sileo.
2143 3737 2325 3822 Scio,
2379 3757 2539 3828 quae

382 3865 673 3960 patriam
700 3867 1012 3953 abstulit,
1043 3867 1113 3938 in
1151 3867 1328 3940 filios
1362 3868 1474 3939 ius
1508 3866 1791 3939 habere.
1828 3863 2063 3962 Redeo
2091 3862 2181 3933 ad
2205 3860 2540 3932 virtutum

386 3990 739 4062 stabiliora
788 3991 1149 4085 praesidia,
1204 4015 1380 4085 quas
1433 3991 1554 4063 tibi
1609 4012 1739 4061 nec
1788 3987 2045 4060 civium
2099 3995 2372 4057 tuorum
2422 3981 2543 4053 de-

387 4125 594 4198 creta,
640 4136 768 4185 nec
811 4114 1100 4207 imperia
1143 4125 1618 4210 tyrannorum,
1662 4136 1788 4184 nec
1829 4110 2236 4205 praedonum
2279 4107 2544 4178 violen-

393 4232 501 4318 tia,
540 4258 668 4306 nec
714 4237 1032 4309 nocturni
1076 4239 1261 4309 fures
1303 4238 1613 4333 eripient.
1660 4238 1822 4307 Haec
1858 4234 1916 4306 si
1953 4245 2180 4304 tecum
2215 4225 2541 4307 detulisti,

693 4367 722 4404 ι.
2270 4350 2298 4396 7
