3104 4805
547 396 606 443 lv
1362 391 1883 442 PROLEGOUENON.

547 551 695 614 quas
734 532 877 597 Sine
915 532 1091 595 titulo
1131 529 1375 609 reliquit
1407 537 1467 593 et
1508 534 1853 611 complures
1895 532 2024 597 aliae
2077 533 2402 598 Variaram
2444 536 2688 600 nomine

543 644 677 722 plus
711 642 845 703 vice
878 638 1137 718 simplici
1171 636 1232 698 in
1267 639 1486 715 vulgus
1526 638 1897 717 prodierint:
1951 654 2166 702 earum
2201 656 2386 717 vero,
2420 658 2557 720 quae
2600 644 2690 704 De

544 748 723 810 rebus
762 744 1168 821 familiaribus
1201 750 1372 819 sunt,
1405 743 1676 806 maxima
1708 760 1847 823 pars
1881 744 2038 807 inter
2075 745 2325 811 ineditas
2360 747 2690 826 scripturas

546 850 607 911 in
641 848 1017 913 Bibliothecis
1049 848 1239 911 adhuc
1273 848 1471 913 abdita
1504 847 1823 911 delitescat.
1859 848 1974 912 Sed
2000 850 2074 912 de
2099 848 2209 912 hac
2236 850 2535 913 editarum
2568 851 2689 913 ine-

544 955 930 1034 ditarumque
970 953 1349 1018 distinctione
1399 970 1600 1033 operae
1651 954 1923 1033 pretium
1964 960 2056 1016 est
2099 955 2439 1019 accuratius
2492 971 2690 1034 agere.

545 1061 736 1139 thue
777 1077 854 1123 ex
895 1060 1107 1122 ordine
1146 1076 1246 1121 res
1286 1059 1577 1121 universa
1611 1058 1979 1136 explicetur,
2023 1058 2085 1122 id
2127 1060 2400 1138 primum
2434 1065 2692 1122 statuen-

545 1168 690 1230 dum
721 1165 896 1228 nobis
928 1166 1074 1242 erit,
1119 1171 1268 1243 quot
1309 1164 1371 1224 in
1414 1164 1651 1243 singula
1693 1164 2006 1228 volumina
2062 1164 2456 1245 epistolarum
2508 1166 2693 1229 libros

544 1277 755 1333 auctor
787 1271 915 1349 ipse
943 1268 1437 1332 coacervaverit:
1482 1276 1633 1347 quot
1673 1269 1890 1333 deinde
1924 1286 2002 1332 ex
2045 1270 2121 1333 iis
2164 1272 2498 1350 prodierint
2539 1271 2694 1351 typis

547 1375 607 1437 in
641 1375 860 1453 vulgus
894 1374 1075 1438 editi:
1112 1375 1353 1437 tandem
1387 1374 1493 1453 qui
1524 1373 1664 1451 sint,
1691 1374 1915 1453 ubique
1936 1385 2329 1439 asserventur
2347 1376 2582 1441 codices
2601 1393 2692 1440 ce-

543 1480 834 1543 lebriores
868 1494 943 1542 ex
975 1479 1197 1558 quibus
1230 1478 1421 1543 adhuc
1455 1479 1696 1543 ineditae
1727 1496 1760 1543 a
1794 1480 1971 1544 nobis
2003 1482 2232 1544 fuerint
2274 1477 2690 1563 depromptae.¹

701 1582 1024 1661 Quumque
1055 1582 1228 1647 nobis
1261 1584 1338 1645 sit
1371 1585 1445 1647 de
1481 1584 1557 1647 iis
1591 1587 1964 1649 enucleatius
1997 1588 2298 1665 agendum
2330 1604 2467 1665 quae
2492 1588 2691 1649 Dere-

544 1692 648 1753 bus
680 1690 1088 1772 familiaribus
1123 1691 1567 1769 inscribuntur,
1599 1693 1901 1770 breviter,
1938 1694 2305 1772 inversoque
2351 1693 2562 1757 ordine
2595 1712 2690 1756 su-

544 1796 800 1875 periori,
835 1798 908 1860 de
940 1796 1135 1860 tribus
1169 1798 1302 1861 aliis
1336 1798 1730 1876 epistolarum
1764 1800 2075 1879 speciebus
2108 1806 2199 1861 sat
2241 1800 2357 1862 erit
2399 1800 2690 1862 innuere:

542 1903 838 1967 Seruilium
867 1922 988 1967 non
1014 1905 1270 1985 amplius
1304 1906 1733 1984 septemdecim
1765 1906 1950 1969 libros
1982 1908 2077 1968 rei
2111 1906 2419 1968 litterariae
2453 1906 2690 1969 histori-

543 2010 630 2071 cis
665 2009 1030 2082 innotuisse,
1065 2024 1294 2085 eosque
1331 2009 1601 2085 integros
1635 2010 1864 2089 pluries
1901 2009 2125 2073 iamdiu
2162 2009 2318 2088 typis
2344 2010 2531 2073 fuisse
2562 2012 2691 2074 vul·

544 2120 739 2191 gatos:
787 2113 1113 2174 Variarum
1144 2110 1393 2173 nomine
1427 2112 1613 2174 modo
1646 2129 1905 2175 numero
1930 2115 2154 2193 plureS,
2175 2117 2358 2179 modo
2377 2116 2695 2194 pauciores

545 2218 736 2280 editas
767 2216 994 2278 fuisse:
1049 2230 1263 2277 earum
1317 2220 1518 2276 tamen
1562 2217 1876 2278 nomiullas
1917 2233 2238 2296 perperam
2282 2219 2437 2281 inter
2481 2221 2694 2284 Varias

545 2323 874 2399 recenseri,
909 2337 1102 2400 quum
1144 2320 1205 2380 in
1249 2319 1568 2383 codicibus
1613 2320 1769 2382 inter
1809 2337 1911 2384 eas
1952 2321 2340 2386 inveniantur
2379 2342 2517 2405 quae
2556 2333 2693 2389 sunt

548 2430 633 2493 De
690 2430 866 2492 rebus
923 2426 1333 2507 familiaribus
1354 2451 1375 2500 ‚·
1431 2426 1688 2505 ideoque
1740 2444 1852 2489 suo
1911 2428 2031 2490 sint
2093 2429 2223 2492 loco
2287 2431 2689 2495 restituendae.

547 2535 764 2597 Extant
794 2538 992 2594 tamen
1029 2536 1089 2592 et
1121 2536 1368 2593 manent
1399 2532 1591 2594 adhuc
1618 2531 1857 2594 ineditae
1882 2532 2086 2610 plures
2112 2534 2405 2614 epistolae,
2430 2553 2694 2616 quarum

547 2639 679 2702 aliae
709 2637 907 2700 habita
940 2636 1176 2700 ratione
1209 2637 1502 2716 temporis
1535 2654 1660 2716 quo
1695 2637 1932 2716 scriptae
1967 2638 2142 2702 sucre
2177 2639 2333 2703 inter
2355 2642 2583 2704 Seniles
2611 2645 2692 2705 lo·

547 2759 691 2805 cum
732 2741 954 2805 merito
998 2741 1364 2817 obtinerent,
1405 2741 1537 2803 aliae
1589 2742 1805 2804 eodem
1840 2749 2117 2823 respectu
2148 2745 2305 2807 inter
2335 2745 2694 2809 Familiares

551 2852 752 2910 essent
809 2848 1208 2910 recensendae.
1274 2845 1479 2918 Quum
1543 2863 1694 2910 vero
1764 2848 1923 2910 inter
1984 2850 2091 2913 has
2153 2851 2336 2913 locari
2394 2859 2696 2929 nequeant

553 2952 747 3016 invito
780 2959 1054 3027 auctore,
1098 2951 1206 3030 qui
1247 2942 1449 3014 locum
1495 2952 1654 3014 inter
1696 2968 1798 3016 eas
1842 2971 2107 3018 vacuum
2147 2955 2377 3018 nullum
2419 2955 2693 3036 reliquit,

675 3199 689 3230 ¹
724 3195 974 3246 Francisci
995 3195 1242 3247 Petrarcae
1281 3197 1485 3258 litterae,
1524 3202 1772 3262 quotquot
1811 3197 1876 3248 ab
1912 3209 1975 3247 eo
2012 3209 2130 3247 vere
2164 3196 2376 3248 dictatas
2396 3196 2580 3248 eruditi
2605 3197 2697 3246 viri

550 3281 890 3341 agnoverunt,
914 3288 1091 3328 omnes
1114 3276 1267 3326 latino
1291 3289 1526 3328 sermone
1550 3285 1670 3329 sunt
1692 3285 1923 3328 exaratae.
1949 3278 2002 3328 Si
2023 3291 2150 3341 quas
2181 3277 2371 3340 vulgari
2393 3277 2562 3341 lingua
2588 3277 2698 3341 ipse

550 3357 861 3423 composuit,
893 3371 1066 3409 carum
1089 3371 1191 3408 non
1214 3358 1375 3409 solum
1394 3360 1705 3423 autographa
1730 3359 1991 3423 quaelibet,
2013 3359 2105 3410 sed
2128 3365 2180 3409 et
2202 3358 2484 3423 apographa
2508 3357 2609 3410 fide
2625 3359 2700 3410 di-

549 3453 645 3504 gna
667 3438 811 3490 nobis
832 3439 1010 3490 invidit
1032 3445 1171 3489 aetas.
1197 3438 1279 3488 Sic
1302 3451 1450 3490 nemo
1473 3452 1575 3490 non
1601 3439 1934 3503 apocrypham
1957 3440 2100 3489 duxit
2122 3439 2394 3490 litterulam
2417 3437 2556 3489 illam
2588 3453 2700 3504 quae

550 3520 748 3571 cuidam
766 3519 1029 3570 Leonardo
1053 3519 1403 3570 Beccamuccio
1426 3520 1664 3584 inscripta
1685 3519 1868 3584 legitur
1889 3521 1942 3571 in
1968 3519 2066 3570 fine
2092 3519 2315 3584 Operum
2348 3519 2470 3571 edit.
2494 3519 2700 3570 Basileae

550 3613 682 3652 anno
704 3602 850 3660 1554,
880 3600 1025 3652 cuius
1043 3601 1087 3651 si
1109 3600 1280 3651 stilum
1317 3602 1637 3664 considet-ea,
1669 3613 1782 3651 eam
1819 3601 1973 3654 dubio
2010 3601 2184 3665 procul
2217 3601 2369 3667 longe
2400 3606 2517 3666 post
2548 3611 2699 3649 saecu·

550 3681 655 3732 lum
677 3681 784 3731 xlv
804 3682 1041 3746 scriptam
1062 3682 1326 3733 iudicabis,
1351 3682 1485 3732 Duas
1518 3682 1644 3733 alias
1669 3688 1818 3733 aetatc
1845 3683 1940 3734 bac
1965 3687 2139 3734 nostra
2165 3683 2374 3747 protulit
2394 3683 2446 3732 in
2479 3678 2698 3730 medium

551 3762 659 3826 Ugo
677 3761 938 3823 Foscolus3
965 3771 1229 3828 utramque
1261 3769 1430 3812 tamen
1467 3762 1834 3827 supposititiam
1860 3769 1913 3812 et
1937 3762 2112 3814 falsam
2138 3764 2385 3814 Antonius
2414 3758 2697 3823 Meneghel·

551 3839 650 3890 lius
672 3839 1059 3902 demonstravit,
1081 3842 1225 3892 cuius
1248 3840 1650 3892 ineluctabilibus
1679 3843 1994 3906 argumentis
2018 3856 2134 3893 cum
2150 3842 2427 3893 rationibus
2446 3837 2694 3901 nequiret,

552 3919 789 3970 conviciis
802 3919 995 3971 obstitit
1008 3920 1264 3982 Romulus,
1283 3923 1405 3986 quin
1419 3929 1588 3973 tamen
1604 3923 1858 3973 evinceret
1879 3922 2075 3975 litteras
2095 3924 2211 3974 illas
2223 3935 2322 3973 non
2337 3918 2530 3983 vulgari
2543 3916 2695 3967 modo

553 4000 646 4051 sed
669 3999 784 4050 rudi
805 4005 856 4050 et
879 4000 1161 4054 incorrecto
1183 4015 1417 4054 sermone
1440 4003 1743 4067 compositas
1763 4016 1793 4053 a
1820 4003 2054 4055 Petrarca
2076 4004 2256 4053 missas
2274 4000 2428 4050 misse
2449 3995 2694 4060 Episcopo

555 4080 897 4133 Lombcriensi
919 4083 997 4133 vel
1029 4084 1335 4134 Avenionem
1362 4097 1494 4135 anno
1519 4085 1660 4145 1338,
1686 4096 1789 4147 quo
1816 4092 1955 4136 certo
1978 4083 2164 4134 certius
2197 4076 2384 4128 Praesul
2413 4076 2498 4126 ille
2525 4075 2694 4126 Romae

553 4161 811 4224 manebat,
839 4164 918 4215 vel
944 4164 1153 4215 Romam
1176 4177 1310 4215 anno
1336 4165 1476 4226 13⁴¹,
1503 4163 1639 4215 unde
1675 4165 1762 4215 ille
1792 4165 1980 4217 iamdiu
2011 4164 2308 4215 discesserat
2331 4170 2626 4209 reversurus
2643 4157 2693 4207 iu

553 4242 857 4296 vasconiam.
884 4245 1220 4310 (Mencqhelli,
1247 4245 1421 4309 Opere.
1450 4244 1681 4306 Padano,
1711 4244 1865 4302 4834,
1901 4243 2002 4296 Vol.
2031 4243 2088 4304 6,
2108 4255 2222 4303 paq.
2253 4237 2386 4302 469.)
