3104 4805
894 427 1081 476 Lmen
1123 425 1447 478 sturmus.
1474 426 1879 476 —nmsrom
1920 427 1983 475 n.
2413 414 2532 475 359

387 577 604 646 fectus
629 575 789 644 est?
822 573 1021 645 Certe
1052 596 1191 645 non
1227 595 1384 658 rex,
1421 583 1540 645 aut
1572 573 1927 668 princepS,
1964 572 2082 665 qui
2124 583 2314 644 tanto
2340 574 2532 667 operi

385 698 787 787 eligeretur,
831 697 956 768 sed
999 696 1278 768 humilis
1320 704 1559 791 pastor
1584 695 1741 779 fuit,
1775 704 1846 765 et
1889 692 2102 787 (quod
2136 697 2360 787 magis
2388 706 2535 766 stu-

386 820 580 916 peas)
630 821 831 890 alieni
875 821 1134 912 gregis.
1179 822 1322 892 lam
1365 822 1512 913 ipse
1563 830 1761 915 pater
1811 816 2162 889 Abraham
2215 818 2536 912 filiusque

383 954 455 1015 et
490 963 736 1037 nepos,
780 963 1074 1035 quorum
1119 941 1512 1013 nominibus
1552 942 1778 1013 omnis
1821 960 2041 1012 sacrae
2079 939 2355 1034 paginae
2396 943 2539 1033 ple-

388 1088 519 1138 nus
558 1076 670 1137 est
707 1067 1030 1157 anguluS,
1074 1087 1368 1159 quorum
1411 1073 1602 1137 tanta
1640 1074 1752 1135 est
1801 1062 2049 1155 gloria,
2103 1074 2181 1135 ut
2230 1063 2540 1158 omnipo-

388 1198 541 1261 tens
604 1188 696 1260 ab
750 1187 885 1259 illis
949 1210 1335 1280 cognomen
1401 1188 1745 1284 accipere,
1799 1198 1872 1259 et
1916 1189 2106 1259 Deus
2158 1185 2534 1270 Abraham,

386 1316 571 1384 Deus
613 1315 834 1398 Isaac,
880 1315 1064 1386 Deus
1107 1311 1308 1384 Iacob
1346 1311 1479 1384 dici
1522 1312 1851 1395 voluerit,
1896 1321 2102 1404 atque
2142 1312 2291 1404 ipse
2332 1308 2423 1383 de
2464 1332 2540 1381 se

388 1439 679 1529 loquens
718 1437 968 1509 eodem
1009 1436 1162 1527 ipso
1196 1434 1605 1526 cognomine
1646 1456 1821 1505 usus
1875 1433 1993 1516 sit3
2046 1443 2279 1527 putas,
2335 1455 2537 1525 reges

386 1571 509 1630 aut
564 1560 936 1631 tetrarchae
993 1562 1273 1630 essent?
1325 1560 1471 1630 Imo
1522 1561 1637 1629 vel
1687 1560 2174 1650 agricultoreS‚
2240 1560 2352 1630 vel
2417 1579 2541 1651 pa-

385 1694 611 1754 stores
652 1685 887 1755 ovium
927 1685 1221 1754 fuerunt.
1250 1682 1502 1755 Asellis
1538 1682 1800 1754 vilibus
1846 1682 2259 1768 insidentes,
2307 1683 2539 1778 stipati

384 1805 714 1898 gregibus
744 1806 912 1890 suis,
941 1806 1118 1879 inter
1144 1806 1321 1880 filios
1347 1817 1420 1878 et
1444 1827 1723 1891 uxoreS,
1757 1807 1964 1877 sedes
1993 1807 2382 1889 mutabant3
2412 1808 2540 1879 sed

383 1930 450 1998 in
493 1930 625 2000 hac
658 1930 1042 2002 humilitate
1083 1933 1302 2003 Deum
1344 1930 1791 2002 merebantur
1814 1930 2093 2014 ducem,
2131 1930 2247 2023 qui
2277 1953 2362 2002 eo
2388 1933 2540 2023 ipso

386 2059 692 2145 tempore
731 2053 1224 2144 potentissimis
1267 2072 1347 2122 ac
1389 2050 1912 2143 superbissimis
1938 2050 2386 2148 Assyriorum
2430 2073 2541 2121 re-

383 2174 591 2265 gibus
632 2196 768 2246 non
812 2173 1019 2246 modo
1065 2172 1418 2246 familiaris
1467 2195 1657 2259 esse,
1707 2175 1832 2246 sed
1874 2196 1961 2245 ne
2010 2173 2206 2245 nosci
2255 2173 2537 2267 quidem

385 2299 561 2367 velle
602 2297 930 2389 dignatus
964 2307 1092 2368 est.
1123 2300 1278 2391 Ipse
1305 2271 1535 2383 Iacob,
1576 2320 1617 2369 a
1643 2320 1782 2390 quo
1817 2298 1886 2368 in
1929 2297 2289 2393 scripturis
2321 2299 2538 2369 sacris

380 2419 693 2491 crebrius
734 2421 905 2493 illud
945 2421 1216 2514 insigne
1249 2444 1636 2514 cognomen
1677 2445 1758 2494 ac
1797 2422 2197 2493 familiarius
2222 2424 2367 2494 Deo
2407 2433 2533 2507 est,

381 2563 518 2613 non
563 2543 889 2636 superbia
929 2544 1246 2637 originis,
1304 2545 1433 2617 sed
1475 2542 1859 2616 humilitate
1902 2567 2027 2616 sua
2061 2547 2317 2629 claruS,
2362 2567 2536 2639 qua-

379 2666 534 2735 liter
558 2666 786 2738 abillo
830 2668 1045 2739 soceri
1092 2690 1222 2740 suo
1253 2667 1585 2740 diuturno
1612 2679 1683 2740 et
1718 2668 1918 2761 gravi
1948 2668 2235 2740 servitio
2275 2669 2533 2750 redeat,

380 2789 691 2889 attende..
724 2791 923 2862 Certe
963 2813 1100 2861 non
1128 2802 1477 2883 sceptrum
1514 2791 1811 2875 revehit,
1850 2814 1986 2863 non
2021 2791 2361 2876 diadema,
2397 2813 2536 2862 non

377 2935 785 3006 purpuram,
830 2935 968 2985 non
1002 2936 1252 2987 currus
1291 2936 1571 3000 aureOS,
1618 2938 1756 2988 non
1791 2925 2095 2987 armatos
2135 2915 2533 2987 exercitus:

380 3037 506 3108 sed
555 3038 790 3108 ovium
841 3048 912 3109 et
968 3060 1332 3130 caprarum
1384 3039 1737 3130 boumque
1810 3038 2026 3109 aciem
2095 3040 2529 3120 instructam,

377 3161 553 3229 clam
601 3162 874 3251 fugiens
925 3160 1220 3232 filiorum
1272 3160 1550 3233 turbam
1602 3183 1685 3232 ac
1742 3183 2139 3244 servorum,
2208 3171 2281 3230 et
2331 3160 2536 3228 simul

378 3280 556 3352 duas
581 3281 772 3353 ducit
798 3303 1080 3366 uxoreS,
1121 3304 1204 3354 ac
1238 3282 1514 3354 totidem
1543 3281 1986 3368 concubinas,
2028 3303 2263 3353 semen
2306 3281 2534 3372 gentis

379 3402 778 3485 innumerae,
822 3424 1116 3494 quarum
1151 3425 1245 3473 ex
1274 3412 1467 3474 utero
1501 3403 1866 3475 duodecim
1914 3404 2133 3475 tribus
2177 3404 2413 3487 Israel,
2463 3413 2535 3475 et

381 3533 567 3594 tanta
594 3524 999 3617 populorum
1034 3523 1426 3607 multitudo,
1454 3527 1603 3594 Deo
1627 3524 2040 3596 fecundante
2067 3525 2525 3612 mulierculas

380 3656 452 3717 et
487 3645 944 3716 humilitatem
985 3646 1389 3729 honorante,
1433 3646 1915 3718 descenderet.
1958 3647 2245 3718 Fiebant
2284 3648 2416 3718 illis
2459 3650 2528 3720 in

381 3764 634 3856 figura,
677 3784 839 3856 quae
881 3762 1248 3858 superficie
1287 3773 1492 3836 tenus
1531 3767 2069 3859 contemptibilia
2094 3767 2529 3852 viderentur;

378 3895 620 3956 essent
658 3894 888 3957 autem
928 3888 1000 3957 in
1041 3886 1194 3980 ipsa
1229 3910 1456 3960 rerum
1491 3888 1785 3962 veritate
1816 3889 2206 3983 magnifica.
2236 3892 2307 3962 Si
2344 3894 2528 3964 enim

381 4030 520 4079 non
546 4009 744 4080 aliter
769 4020 1049 4103 accepta
1077 4011 1359 4095 fuerint,
1389 4033 1597 4105 quam
1626 4022 2021 4100 narrentur,
2052 4014 2212 4107 quis
2235 4037 2373 4086 non
2404 4039 2531 4088 au-

380 4131 521 4203 dita
569 4131 967 4226 despiciat?
1016 4134 1216 4217 Quod
1276 4135 1334 4206 si
1386 4135 1606 4228 gloria
1661 4140 2053 4234 temporalis
2103 4161 2332 4211 coram
2384 4142 2529 4212 Deo

379 4256 626 4329 clarior
687 4258 862 4327 soret
937 4280 1144 4350 quam
1210 4258 1589 4337 humilitas.
1654 4259 1810 4351 quis
1870 4262 2141 4336 dubitet
2197 4285 2405 4356 quam
2458 4264 2524 4331 in
