3104 4805
570 364 646 423 14
1087 371 1419 421 FRANCISCI
1463 371 1815 420 PETRARCAE
1860 372 2211 421 PRAEFATIO.

569 516 831 611 verius)
876 516 1266 608 impeditior
1305 537 1519 607 quam
1560 516 1915 609 putabam.
1959 518 2178 589 Multa
2220 520 2389 590 mihi
2437 522 2730 614 scripto-

567 661 722 709 rum
763 639 1024 709 diversi
1060 639 1331 728 generis
1369 639 1730 729 suppellex
1763 639 1950 709 domi
1982 649 2122 710 est:
2162 642 2726 734 sparsaquidem

565 769 635 831 et
673 761 1005 850 neglecta.
1047 759 1440 851 Perquisivi
1484 760 1622 829 situ
1662 759 1802 830 iam
1846 763 2266 852 squallentes
2311 766 2616 850 arculaS‚
2659 776 2730 836 et

530 947 538 956 .
568 883 948 974 scripturas
988 881 1173 951 carie
1210 901 1521 951 semesas
1558 882 2081 971 pulverulentus
2115 885 2439 977 explicui.
2469 888 2727 979 Impor-

567 1014 775 1074 tunus
818 1004 984 1073 mihi
1026 1025 1183 1073 mus
1226 1003 1503 1085 nocuit3
1546 1013 1756 1096 atque
1795 1006 2290 1077 edacissimum
2334 1007 2537 1079 tineae
2572 1011 2729 1078 vul-

565 1146 698 1217 gus
739 1136 809 1195 et
849 1126 1181 1218 palladias
1224 1146 1336 1196 res
1380 1134 1699 1215 agentem
1742 1126 2017 1197 inimica
2064 1129 2362 1199 Palladis
2418 1129 2728 1201 turbavit

564 1270 834 1319 aranea.
887 1247 1025 1317 Sed
1073 1246 1243 1314 nihil
1290 1254 1400 1315 est
1439 1245 1630 1337 quod
1668 1267 1808 1316 non
1847 1249 2122 1338 frangat
2159 1247 2380 1318 durus
2430 1258 2502 1319 et
2539 1251 2724 1343 iugis

564 1371 783 1442 labor.·
821 1368 1143 1440 Confusis
1179 1368 1411 1460 itaque
1443 1368 1961 1439 circumventus
1996 1369 2377 1441 litterarum
2403 1372 2721 1458 cumuIiS‚

563 1502 634 1563 et
673 1491 945 1562 informi
994 1510 1258 1585 papyro
1295 1489 1590 1573 obsitus,
1636 1490 1857 1582 primo
1908 1491 2189 1581 quidem
2236 1491 2413 1582 coepi
2464 1493 2723 1583 impetu

565 1620 810 1682 cuncta
859 1610 1155 1681 flammis
1204 1631 1501 1682 exurere
1558 1619 1629 1680 et
1691 1610 1996 1682 laborem
2061 1612 2428 1703 inglorium
2477 1614 2720 1685 vitare.

564 1737 823 1809 Deinde
876 1736 983 1830 (ut
1029 1737 1480 1828 cogitationes
1527 1758 1569 1806 e
1613 1735 2146 1826 cogitationibus
2188 1736 2611 1831 erumpunt),
2653 1749 2724 1808 et

565 1860 761 1952 quid,
815 1859 1126 1951 inquam,
1183 1858 1501 1952 prohibet
1548 1860 1742 1928 velut
1779 1880 1820 1928 e
1870 1861 2150 1950 specula
2199 1860 2467 1930 sessum
2519 1861 2723 1949 longo

564 1981 806 2053 itinere
844 1981 1180 2052 viatorem
1222 1981 1293 2049 in
1334 1989 1529 2070 terga
1569 1979 1941 2072 respicere,
1994 1989 2065 2050 et
2115 1979 2459 2070 gradatim
2494 1980 2725 2052 adole-

567 2104 848 2175 scentiae
892 2114 1031 2172 tuae
1072 2121 1276 2172 curas
1319 2102 1713 2172 metientem
1754 2124 2252 2194 recognoscere
2276 2106 2311 2171 ‘2
2349 2102 2532 2172 Vicit
2570 2104 2726 2174 haec

567 2224 924 2296 sententia.
956 2221 1146 2292 Sicut
1168 2219 1349 2290 enim
1377 2243 1517 2291 non
1543 2211 1990 2311 magnificus,
2025 2225 2126 2295 sic
2156 2246 2296 2296 non
2329 2223 2722 2296 inamoenus
2773 2279 2786 2305 ,

566 2345 758 2417 labor
796 2342 998 2413 visus
1039 2350 1151 2412 est
1183 2339 1353 2431 quid
1387 2363 1525 2432 quo
1563 2349 1871 2434 tempore
1903 2343 2323 2435 cogitassem
2351 2345 2720 2418 recordari.
2806 2390 2818 2405 ·

566 2468 701 2537 Sed
741 2476 997 2535 temere
1035 2472 1371 2552 congesta
1408 2465 1598 2534 nullo
1638 2464 1881 2535 ordine
1921 2468 2261 2552 versanti,
2316 2468 2569 2538 mirum
2617 2467 2725 2537 di-

564 2597 679 2656 ctu
712 2607 922 2677 quam
963 2586 1264 2656 discolor
1300 2593 1372 2654 et
1404 2606 1614 2676 quam
1659 2586 1937 2657 turbida
1972 2609 2204 2657 rerum
2237 2589 2447 2659 facies
2482 2612 2724 2659 occur-

566 2706 757 2790 rerit,
802 2716 882 2776 ut
920 2706 1246 2797 quaedam
1285 2726 1423 2775 non
1466 2715 1607 2775 tam
1651 2706 1880 2797 specie
1921 2707 2223 2789 illorum,
2270 2728 2480 2796 quam
2523 2708 2724 2776 intel—

565 2830 781 2899 lectus
846 2828 983 2899 mei
1048 2828 1192 2899 acie
1256 2835 1546 2911 mutata,
1617 2826 1743 2895 vix
1809 2827 1962 2917 ipse
2010 2846 2528 2914 cognoscerem,
2582 2824 2716 2896 alia

565 2970 734 3019 vero
796 2971 937 3020 non
1000 2948 1149 3020 sine
1225 2951 1577 3040 voluptate
1636 2947 1938 3039 quadam
2007 2945 2326 3016 retroacti
2391 2945 2719 3041 temporis
2797 3018 2800 3023 ,

566 3070 968 3141 memoriam
1015 3069 1418 3161 excitarent.
1473 3069 1566 3137 Et
1601 3065 1749 3138 erat
1787 3088 1950 3159 pars
1994 3068 2220 3137 soluto
2258 3087 2511 3157 gressu
2550 3066 2723 3138 libe—

566 3213 670 3275 ra,
715 3213 877 3283 pars
917 3193 1155 3262 fraenis
1198 3192 1578 3263 Homericis
1620 3190 1981 3272 adstricta,
2027 3190 2352 3282 quoniam
2396 3190 2720 3261 Isocratis

564 3312 854 3384 habenis
895 3333 1053 3384 raro
1092 3312 1384 3397 utimur3
1426 3335 1590 3405 pars
1631 3323 1861 3383 autem
1898 3312 2281 3383 mulcendis
2317 3311 2511 3402 vulgi
2538 3312 2724 3383 auri·-

564 3434 699 3506 bus
739 3434 1016 3517 intenta,
1064 3433 1211 3504 suis
1250 3442 1323 3504 et
1359 3433 1511 3526 ipsa
1550 3434 1823 3524 legibus
1863 3434 2209 3505 utebatur.
2255 3431 2458 3516 Quod
2501 3454 2723 3524 genus

564 3557 751 3649 apud
815 3555 1080 3628 Siculos
1151 3555 1258 3649 (ut
1320 3557 1503 3626 fama
1549 3554 1691 3647 est)
1746 3576 1886 3625 non
1935 3554 2174 3625 multis
2230 3564 2390 3625 ante
2443 3553 2724 3624 saeculis

565 3688 905 3761 renatum,
957 3676 1154 3747 brevi
1196 3698 1318 3768 per
1357 3696 1632 3748 omnem
1667 3676 1932 3746 Italiam
1975 3697 2056 3746 ac
2096 3675 2373 3765 longius
2415 3673 2726 3745 manavit

565 3794 750 3881 apud
785 3797 1189 3867 Graecorum
1231 3797 1394 3868 olim
1436 3819 1517 3867 ac
1557 3795 1960 3867 Latinorum
1995 3794 2514 3866 vetustissimos
2547 3794 2723 3864 cele-

564 3909 885 3982 bratum:
929 3917 1273 4009 siquidem
1312 3929 1384 3989 et
1422 3916 1687 3988 Atticos
1736 3928 1807 3987 et
1844 3920 2194 3987 Romanos
2237 3917 2563 4004 vulgares
2605 3936 2721 4004 ry—

566 4028 821 4099 thmico
848 4043 1110 4105 tantum
1137 4037 1443 4108 carmine
1466 4036 1568 4106 uti
1594 4036 1834 4107 solitos
1862 4036 2278 4128 accepimus.
2295 4035 2460 4102 Haec
2485 4031 2720 4121 itaque

565 4149 913 4221 variarum
952 4178 1182 4226 rerum
1218 4168 1405 4229 tanta
1442 4158 1777 4228 colluvies
1812 4157 2075 4248 aliquot
2107 4178 2218 4225 me
2242 4153 2489 4225 diebus
2514 4173 2719 4223 occu—
