3104 4805
552 376 667 437 196
1219 388 1301 435 DE
1344 386 1544 435 uncus
1587 386 2028 436 minuamus

549 529 885 623 disposui.
929 530 1238 622 Cumque
1276 529 1747 624 opperientem
1799 532 2104 614 fratrem,
2158 541 2229 600 et
2278 533 2486 622 longo
2527 535 2706 603 refe-

548 661 737 724 ctum
772 648 1116 734 accubitu,
1160 653 1389 722 sessus
1430 661 1500 723 et
1532 652 1788 721 anxius
1824 652 2238 743 attigissem,
2279 652 2704 745 aliquamdiu

552 776 775 870 aequis
815 773 1145 869 passibus
1188 773 1619 846 incessimus.
1662 774 1799 843 Vix
1841 775 2006 846 dum
2058 776 2298 844 collem
2350 773 2543 844 illum
2597 797 2708 847 re-

551 901 997 992 liqueramuS,
1043 907 1114 967 et
1151 918 1316 976 ecce
1352 897 1604 989 prioris
1648 899 1996 968 anfractus
2037 895 2291 967 oblitus
2334 897 2582 968 iterum
2618 896 2705 968 ad

551 1019 875 1093 inferiora
940 1021 1245 1106 deiicior,
1322 1032 1528 1114 atque
1605 1022 1855 1093 iterum
1914 1021 2305 1116 peragratis
2370 1022 2700 1107 vallibuS,

551 1145 721 1216 dum
782 1144 1052 1215 viarum
1120 1144 1387 1236 facilem
1449 1146 1945 1237 longitudinem
2001 1157 2253 1230 sector,
2308 1146 2377 1215 in
2427 1147 2702 1236 longam

553 1269 1025 1341 difficultatem
1059 1268 1301 1340 incido.
1351 1268 1761 1340 Differebam
1801 1292 2052 1364 nempe
2098 1267 2514 1340 ascendendi
2554 1291 2705 1339 mo-

553 1393 850 1476 lestiam;
897 1392 1022 1463 sed
1061 1392 1335 1484 ingenio
1367 1390 1673 1464 humano
1707 1415 1941 1463 rerum
1976 1370 2225 1463 natura
2258 1412 2391 1461 non
2426 1391 2699 1476 tollitur,

552 1537 684 1587 nec
733 1514 882 1586 fieri
931 1525 1161 1612 potest
1199 1524 1278 1585 ut
1316 1537 1727 1608 corporeum
1780 1516 2040 1610 aliquid
2091 1517 2182 1587 ad
2230 1517 2366 1586 alta
2416 1515 2709 1586 descen-

553 1638 786 1710 dendo
823 1640 1201 1732 perveniat.
1246 1639 1429 1722 Quid
1470 1641 1732 1710 multa?
1763 1640 1913 1711 Non
1952 1639 2099 1710 sine
2133 1639 2362 1710 fratris
2397 1639 2542 1709 risu
2577 1639 2709 1710 hoc

556 1761 936 1854 indignanti
976 1762 1143 1832 mihi
1186 1772 1287 1832 ter
1321 1769 1443 1832 aut
1474 1762 1770 1853 amplius
1806 1762 1981 1833 inter
2013 1783 2269 1854 paucas
2303 1760 2513 1833 horas
2546 1783 2711 1832 con-

554 1887 727 1979 tigit.
771 1886 882 1956 Sic
925 1907 1111 1978 saepe
1154 1885 1441 1956 delusus
1481 1886 1784 1978 quadam
1826 1885 1898 1955 in
1938 1887 2119 1956 valle
2152 1884 2458 1957 consedi.
2495 1885 2636 1955 Illic
2670 1906 2712 1954 a

553 2009 904 2102 corporeis
947 2009 1035 2080 ad
1076 2008 1483 2101 incorporea
1523 2010 1786 2081 volucri
1830 2009 2244 2102 cogitatione
2289 2007 2709 2094 transilienS,

554 2132 665 2203 his
732 2142 851 2202 aut
902 2131 1152 2202 talibus
1205 2154 1313 2203 me
1364 2132 1596 2224 ipsum
1648 2134 2146 2228 compellabam
2198 2133 2469 2205 verbis:
2512 2130 2713 2217 Quod

556 2256 804 2327 tot-iens
847 2254 1052 2326 hodie
1093 2255 1162 2324 in
1204 2278 1503 2327 ascensu
1558 2258 1810 2329 montis
1858 2259 2066 2330 huius
2117 2267 2448 2352 expertus
2490 2278 2597 2340 es,
2643 2254 2715 2326 id

557 2378 728 2450 scito
766 2386 838 2448 et
877 2376 996 2449 tibi
1038 2377 1352 2450 accidere
1389 2389 1458 2452 et
1499 2381 1731 2452 multis
1784 2381 2270 2453 accedentibus
2311 2380 2402 2452 ad
2440 2377 2716 2451 beatam

556 2501 768 2570 vitam
795 2517 812 2568 ἐ
867 2499 993 2571 sed
1034 2498 1290 2573 idcirco
1342 2514 1478 2574 tam
1532 2505 1731 2575 facile
1782 2503 1873 2574 ab
1921 2504 2318 2576 hominibus
2372 2525 2509 2575 non
2558 2525 2714 2595 per-

555 2625 787 2718 pendi,
832 2623 1021 2718 quod
1058 2627 1369 2721 corporis
1412 2638 1645 2698 motus
1688 2626 1757 2694 in
1798 2636 2041 2718 aperto
2083 2638 2270 2709 sunt,
2328 2625 2716 2697 animorum

556 2768 728 2818 vero
764 2747 1148 2820 invisibiles
1192 2759 1261 2819 et
1300 2748 1568 2819 occulti.
1605 2747 1949 2840 Equidem
1988 2746 2152 2830 vita,
2196 2766 2404 2837 quam
2439 2744 2715 2816 beatam

556 2870 869 2957 dicimuS,
911 2875 1099 2944 celso
1124 2874 1273 2943 loco
1301 2870 1434 2941 sita
1456 2880 1589 2953 est;
1618 2876 1802 2939 arcta
1838 2868 1938 2960 (ut
1963 2868 2177 2961 aiunt)
2197 2865 2284 2938 ad
2311 2866 2492 2935 illam
2522 2866 2714 2937 ducit

556 2992 691 3062 via.
736 2993 930 3063 Multi
970 3015 1245 3087 quoque
1286 2993 1496 3062 colles
1549 2987 2054 3071 intereminent,
2101 2997 2171 3058 et
2210 2987 2298 3058 de
2340 2986 2595 3056 virtute
2639 2985 2710 3054 in

556 3114 881 3186 virtutem
907 3114 1255 3208 praeclaris
1284 3111 1617 3203 gradibus
1647 3107 2138 3180 ambulandum
2166 3120 2294 3180 est.
2326 3109 2402 3178 In
2438 3129 2711 3179 summo

558 3236 715 3309 finis
754 3249 865 3309 est
910 3235 1246 3317 omnium,
1293 3243 1364 3303 et
1401 3234 1539 3305 viae
1592 3231 1950 3317 terminus,
2008 3232 2096 3304 ad
2145 3254 2354 3326 quem
2404 3229 2716 3326 peregri-

503 3448 506 3451 Δ
557 3362 744 3432 natio
769 3368 1003 3430 nostra
1028 3355 1438 3448 disponitur.
1466 3357 1571 3427 Eo
1605 3354 1973 3449 pervenire
2007 3358 2253 3428 volunt
2283 3376 2549 3439 omneS,
2591 3354 2715 3426 sed

563 3482 663 3577 (ut
702 3483 797 3554 ait
826 3479 1034 3573 Naso)

878 3667 1036 3731 Velle
1071 3683 1290 3747 parum
1324 3675 1442 3729 est:
1478 3668 1716 3747 cupiaS,
1754 3672 1822 3727 ut
1854 3683 1920 3729 re
1954 3666 2236 3744 potiariS,
2272 3671 2528 3746 oportet.

562 3852 665 3922 Tu
685 3861 899 3936 certe,
937 3851 1090 3947 nisi,
1128 3859 1204 3921 ut
1237 3851 1307 3920 in
1340 3850 1602 3934 multis,
1641 3848 1710 3920 in
1745 3847 1878 3919 hoc
1916 3871 2195 3941 quoque
2229 3858 2296 3919 te
2330 3848 2532 3931 fallis,
2576 3868 2715 3917 non

564 3973 784 4042 solum
828 3974 967 4057 vis,
1015 3974 1141 4045 sed
1180 3973 1386 4044 etiam
1427 3973 1646 4067 cupis.
1691 3972 1872 4055 Quid
1922 3995 2091 4064 ergo
2146 3981 2211 4041 te
2261 3971 2554 4042 retinet?
2599 3967 2717 4037 Ni-

563 4093 814 4162 mirum
850 4095 945 4163 nil
989 4096 1193 4179 aliud,
1237 4097 1372 4166 nisi
1412 4118 1537 4189 per
1573 4108 1881 4168 terrenas
1913 4106 1983 4166 et
2016 4094 2288 4166 infimas
2326 4094 2713 4184 voluptates

563 4213 844 4308 planior,
899 4224 998 4301 et,
1056 4227 1131 4289 ut
1179 4218 1399 4309 prima
1455 4221 1686 4289 ‘fronte
1750 4217 2053 4299 videtur,
2122 4213 2513 4310 expeditior
2574 4211 2712 4284 via.
