3104 4805
548 356 666 420 216
1215 373 1297 421 DE
1340 372 1539 422 uenus
1584 374 2026 426 rAffluAmnus

550 537 761 609 quam
802 514 872 584 in
913 536 1066 586 meo
1105 517 1328 611 capite
1366 491 1747 613 periculum
1795 521 2040 602 fecere,
2098 517 2297 591 brevi
2359 543 2691 597 consecu-

546 647 731 723 tura,
776 646 847 710 et
888 660 1206 710 romanas
1248 641 1478 712 lauros
1521 641 1945 714 certantibus
1991 641 2238 714 studiis
2277 643 2689 739 decerptura

544 760 836 833 confido.
872 761 1042 844 Quis
1083 764 1268 835 enim
1309 773 1590 848 metuat,
1629 766 1930 837 Roberto
1964 766 2259 859 auspice,
2298 770 2684 841 cunctantis

542 885 752 957 animi
816 885 1016 978 signa
1072 889 1505 958 convellere?
1555 889 1826 961 Iuvabit
1881 891 1952 959 in
2008 890 2139 960 hac
2186 889 2331 961 acie
2380 891 2683 984 primum

544 1031 729 1095 esse,
776 1009 845 1079 in
885 1031 1024 1102 qua
1062 1031 1225 1082 esse
1284 1009 1601 1082 ultimum
1664 1035 1802 1084 non
1869 1011 2234 1104 inglorium
2301 1036 2475 1085 reor.
2530 1015 2682 1106 Ego

540 1131 835 1224 quidem,
873 1154 1012 1203 non
1038 1131 1318 1219 inficior,
1349 1144 1536 1205 tanto
1571 1134 1792 1227 impar
1823 1133 2018 1204 oneri
2042 1137 2330 1219 fueram,
2359 1134 2492 1207 nisi
2515 1137 2681 1207 mihi

539 1253 736 1325 favor
771 1267 931 1326 tuus
967 1256 1156 1327 vires
1182 1265 1393 1350 atque
1426 1257 1694 1328 animos
1730 1256 2137 1329 addidisset.
2170 1256 2398 1350 Atque
2423 1259 2682 1330 utinam

539 1377 722 1450 diem
758 1380 1007 1450 festum
1049 1400 1297 1451 ornare
1339 1379 1808 1452 serenissimae
1847 1379 2092 1451 frontis
2135 1392 2274 1451 tuae
2312 1383 2689 1476 praesentia

536 1500 910 1598 potuisses.
980 1504 1185 1588 Quod
1229 1506 1557 1597 profecto,
1604 1516 1678 1575 ut
1721 1503 1873 1597 ipse
1922 1505 2156 1575 dicere
2210 1504 2505 1592 solebas,
2549 1496 2684 1578 'nisi

489 1604 492 1608 ’
538 1636 710 1696 aetas
753 1646 891 1695 non
934 1625 1204 1708 sineret,
1251 1649 1692 1720 nequaquam
1733 1627 2064 1698 maiestas
2100 1627 2295 1719 regia
2319 1628 2680 1700 vetuisset.

537 1745 738 1816 Sensi
778 1747 1060 1840 quidem
1087 1749 1319 1821 multis
1347 1748 1643 1834 indiciis,
1673 1748 1974 1841 Augusti
2011 1750 2306 1820 Caesaris
2343 1748 2682 1842 quosdam
2763 1789 2772 1798 -

536 1891 771 1964 mores
820 1869 943 1941 tibi
993 1871 1368 1944 admodum
1432 1871 1739 1969 probari;
1792 1882 1999 1965 atque
2049 1872 2240 1943 illum
2293 1871 2360 1942 in
2412 1872 2678 1965 primiS,

534 1992 720 2084 quod
760 1995 1001 2067 Flacco
1040 1995 1358 2069 libertino
1395 1996 1678 2082 homini,
1722 2007 1791 2068 et
1827 1996 1948 2088 qui
1991 1996 2181 2088 prius
2218 1994 2684 2067 adversarum

533 2115 830 2206 partium
873 2116 1149 2202 fuisset,
1199 2127 1427 2189 tamen
1466 2141 1604 2190 non
1645 2121 1988 2210 placatum
2024 2116 2257 2201 modo,
2306 2116 2434 2186 sed
2473 2105 2689 2189 b'ene-

536 2241 771 2309 volum
811 2238 1351 2331 familiaremque
1386 2260 1463 2308 se
1490 2239 1808 2331 praebuit,
1840 2252 1909 2311 et
1942 2240 2242 2311 Maronis
2274 2239 2382 2309 sui
2410 2239 2685 2331 ingenio

534 2361 937 2446 delectatuS,
976 2360 1311 2454 plebeiam
1367 2359 1703 2453 originem
1757 2385 1894 2435 non
1932 2361 2279 2456 despexit.
2317 2362 2683 2435 Praeclare.

533 2484 717 2569 Quid
754 2482 940 2552 enim
980 2485 1210 2554 minus
1251 2483 1544 2576 regium,
1584 2506 1794 2577 quam
1837 2487 1907 2556 in
1949 2485 2059 2556 his
2094 2509 2273 2580 quos
2309 2497 2428 2557 aut
2460 2486 2685 2560 virtus

533 2615 654 2679 aut
691 2606 1043 2697 ingenium
1096 2608 1567 2691 commendat,
1624 2607 1789 2677 dum
1839 2619 1909 2678 et
1960 2629 2131 2678 vera
2170 2608 2494 2693 nobilitas
2547 2633 2685 2681 non

530 2727 738 2813 desit,
781 2738 850 2799 et
887 2727 1249 2800 nobilitare
1289 2730 1439 2824 ipse
1472 2731 1730 2824 possiS,
1772 2730 2101 2820 suffragia
2135 2731 2533 2802 adventitiae
2559 2753 2686 2802 no-

531 2849 814 2921 bilitatis
841 2848 1255 2942 exquirere?
1278 2850 1420 2921 Nec
1448 2830 1603 2921 sum
1630 2849 1909 2920 nescius
1935 2849 2120 2942 quid,
2152 2851 2499 2921 adversus
2526 2850 2676 2955 hoc,

532 2970 938 3043 litteratores
988 2971 1205 3043 nostri
1262 2972 1587 3068 temporis
1641 2967 2105 3067 respondeant
2158 2968 2557 3066 (superbum
2607 2980 2681 3038 et

536 3114 749 3185 segne
789 3116 1011 3186 genus
1053 3093 1460 3190 bominum),
1504 3096 1858 3167 Maronem
1898 3106 1969 3166 et
2000 3095 2315 3166 Flaccum
2372 3093 2676 3184 sepultos

533 3238 720 3302 esse3
762 3217 1226 3312 nequidquam
1269 3218 1476 3291 modo
1516 3219 1606 3291 de
1647 3218 1731 3290 iis
1774 3217 2139 3310 magnifica
2163 3215 2380 3287 verba
2413 3212 2678 3296 iactari;

433 3415 441 3423 ,
533 3342 953 3412 excellentes
979 3340 1138 3412 olim
1175 3341 1366 3413 viros
1402 3341 1723 3437 periisse3
1763 3340 2169 3425 tolerabileS,
2200 3361 2446 3432 nuper;
2480 3347 2567 3422 et,
2606 3347 2684 3409 ut

535 3460 640 3548 fit,
685 3462 755 3533 in
805 3462 943 3535 imo
992 3466 1207 3535 fecem
1263 3462 1684 3536 substitisse.
1729 3462 1909 3548 Quid
1948 3462 2176 3534 dicant
2236 3471 2306 3532 et
2354 3459 2522 3555 quid
2569 3480 2687 3530 co-

535 3584 753 3676 gitent
792 3586 979 3672 novi,
1035 3610 1264 3681 neque
1301 3588 1564 3681 passim
1599 3586 1934 3658 obluctor.
1972 3584 2263 3656 Videtur
2295 3586 2475 3655 enim
2517 3582 2684 3687 mihi

537 3729 753 3778 unum
801 3710 1020 3781 Plauti
1059 3709 1320 3781 dictum
1371 3733 1510 3782 non
1561 3717 1699 3781 tam
1751 3709 1845 3779 illi
1894 3709 2107 3795 aetati,
2160 3728 2321 3801 quae
2359 3707 2483 3776 vix
2533 3706 2684 3776 eius

536 3830 638 3899 rei
677 3806 960 3920 gustum
1004 3843 1302 3926 ceperat,
1348 3832 1748 3917 convenire,
1791 3854 2001 3925 quam
2042 3831 2204 3902 huic
2237 3830 2516 3901 nostrae:
2558 3826 2680 3911 Ea,

536 3950 786 4041 inquit,
832 3965 1201 4049 tempestate
1237 3954 1354 4047 flos
1377 3966 1724 4047 poetarum
1759 3956 1912 4044 suit,
1948 3956 2064 4047 qui
2098 3954 2251 4023 hinc
2284 3951 2586 4021 abierunt
2611 3950 2682 4017 in

539 4092 944 4144 communem
1010 4079 1241 4148 locum.
1295 4077 1440 4148 Hoc
1480 4080 1786 4171 profecto
1846 4098 1972 4149 nos
2023 4076 2303 4169 dignius
2355 4075 2684 4149 lamenta-

538 4215 723 4277 mur;
761 4204 925 4268 tunc
957 4198 1140 4270 enim
1168 4199 1470 4271 nondum
1500 4210 1852 4285 venerant,
1893 4222 2068 4293 quos
2096 4198 2353 4269 abiisse
2386 4215 2684 4287 conque—
