3104 4805
609 402 723 464 318
1277 417 1358 464 ηε
1401 416 1602 465 nanus
1646 416 2087 467 annullamus

608 564 921 655 moestior
960 561 1027 631 in
1073 569 1291 632 morte
1334 560 1569 652 generi
1611 561 1785 633 flens
1836 563 2100 648 Caesar,
2153 584 2362 655 quam
2403 565 2756 635 exercitus

605 685 725 779 qui
765 683 1156 777 plaudebat.
1199 682 1337 756 Sed
1372 685 1463 756 ad
1503 695 1574 756 te
1615 694 1946 757 revertor.
1988 685 2214 756 Prima
2250 685 2461 777 igitur
2500 688 2760 779 episto-

606 809 694 878 1ae
750 817 891 880 tuae
941 828 1104 902 pars
1155 808 1227 880 id
1276 807 1447 900 agit,
1516 818 1594 880 ut
1643 812 2015 882 multarum
2065 831 2147 882 ac
2195 830 2409 904 prope
2448 810 2758 882 omnium

607 932 1000 1023 congeriem
1031 952 1500 1004 aerumnarum
1527 933 1649 1004 uni
1684 931 1802 1004 tibi
1832 932 2234 1004 incubuisse
2258 932 2551 1018 dicereS‚
2585 933 2764 1005 sicut

606 1052 999 1138 miserabili,
1038 1053 1139 1126 sic
1177 1054 1542 1146 magnifico
1574 1056 1854 1149 quidem
1893 1056 2069 1127 stilo.
2108 1056 2398 1146 LegenS,
2445 1056 2762 1128 lacrimas

608 1197 744 1247 non
773 1178 986 1261 tenui,
1016 1189 1087 1249 et
1127 1189 1399 1250 tuarum
1426 1179 1678 1264 lituris,
1710 1190 1787 1251 ut
1808 1179 2122 1265 dixeras,
2154 1181 2608 1262 lacrimarum,
2636 1199 2762 1250 no-

607 1323 737 1373 vas
778 1301 1036 1374 addidi.
1078 1301 1326 1374 Nescio
1375 1304 1561 1374 enim
1596 1303 1972 1396 quomod0,
2010 1325 2219 1375 casus
2257 1324 2425 1374 suos
2476 1301 2764 1372 viriliter

607 1446 817 1516 quam
858 1423 1283 1496 muliebriter
1315 1427 1805 1498 lamentantem
1836 1425 2061 1496 virum
2100 1424 2511 1518 profundius
2551 1424 2763 1495 mise-

611 1569 865 1619 ramur.
930 1548 1414 1641 Prosequebar
1474 1549 1779 1620 intentus
1839 1548 2070 1619 animo
2137 1559 2346 1641 atque
2384 1547 2629 1632 oculis,
2691 1558 2763 1619 et
2852 1642 2857 1647 .

609 1670 760 1764 ipsa
797 1670 931 1741 stili
964 1670 1258 1742 dulcedo
1282 1671 1767 1744 blandiebatur
1793 1683 1867 1743 ut
1895 1675 2227 1764 legerem3
2262 1670 2587 1764 quamvis
2616 1672 2764 1741 lon-

611 1794 925 1886 giuscula
947 1795 1236 1888 epistola
1267 1808 1476 1868 esset.
1508 1798 1689 1869 Ecce
1716 1806 1963 1879 autem,
2002 1795 2166 1867 dum
2195 1806 2449 1867 caetera
2474 1795 2764 1865 humen-

612 1919 798 1992 tibus
823 1921 1040 1993 oculis
1067 1920 1536 2014 perlegissem,
1549 1932 1929 2016 expectans
1949 1919 2116 2014 quid
2142 1919 2438 1991 insolitae
2462 1928 2533 1991 et
2556 1919 2763 1990 tantis

610 2045 912 2137 querelis
944 2066 1191 2139 aequae
1216 2046 1518 2118 miseriae
1543 2046 1904 2140 patereris,
1949 2053 2162 2116 totam
2199 2046 2537 2115 malorum
2575 2065 2759 2116 sum-

611 2191 794 2240 mam
825 2168 1047 2240 tribus
1076 2169 1144 2239 in
1170 2167 1374 2239 finem
1404 2177 1525 2241 aut
1562 2178 1860 2263 quatuor
1899 2167 2135 2239 verbis
2163 2168 2579 2239 incluseras:
2603 2187 2764 2239 esse

617 2300 682 2363 te
732 2291 1014 2375 Tibure,
1071 2312 1337 2374 senem,
1390 2313 1797 2386 pauperem,
1844 2289 2316 2385 podagricum.
2371 2287 2645 2374 Quibus
2694 2285 2763 2357 in

615 2415 813 2485 malis
864 2417 1043 2486 ferre
1094 2423 1162 2487 te
1220 2415 1390 2487 illud
1437 2416 1821 2509 aegerrime,
1875 2415 2065 2509 quod
2115 2413 2238 2487 tibi
2288 2425 2549 2486 nostrae
2600 2435 2763 2509 spes

614 2537 841 2609 ablata
912 2523 1307 2630 praesentiae
1383 2539 1754 2610 videretur.
1835 2539 2075 2631 Neque
2139 2538 2322 2609 enim
2392 2548 2459 2608 te
2525 2535 2767 2607 morbo

614 2661 923 2731 vinctum
964 2662 1115 2732 loco
1145 2662 1414 2732 moveri
1439 2683 1670 2754 posse,
1701 2684 1927 2755 neque
1951 2683 2288 2733 ausurum
2321 2660 2413 2731 de
2456 2670 2593 2732 tam
2620 2663 2764 2731 lon-

615 2783 879 2876 ginquo
918 2782 1008 2854 ad
1049 2794 1115 2855 te
1178 2784 1477 2855 amicum
1536 2806 1849 2867 evocare,
1893 2785 2420 2878 occupationum
2483 2805 2763 2855 suarum

616 2926 754 2976 non
787 2905 1042 2997 ignotis
1085 2905 1207 2978 tibi
1242 2904 1663 2998 ponderibus
1699 2906 2062 2978 irretitum.
2105 2908 2250 2978 Hoc
2289 2906 2586 2978 flebilem
2618 2904 2761 2998 epi-

619 3030 884 3100 stolam«
910 3027 1048 3101 fine
1085 3029 1464 3102 concludis.
1494 3029 1637 3116 Hic,
1664 3032 1899 3115 fateor,
1944 3030 2085 3100 risi.
2124 3032 2212 3101 Et
2261 3029 2468 3123 quid?
2506 3024 2764 3098 dixerit

617 3152 995 3248 quispiam;
1031 3175 1252 3248 pauca
1292 3153 1445 3225 haec
1479 3153 1603 3225 tibi
1636 3153 1986 3235 videntur,
2024 3174 2114 3223 an
2149 3152 2373 3224 levia?
2430 3150 2766 3220 Neutrum

619 3277 928 3369 quidem3
957 3277 1085 3349 sed
1112 3286 1275 3349 sunt
1298 3276 1475 3349 adeo
1498 3278 1841 3370 vulgaria,
1872 3276 2321 3370 omniumque
2345 3272 2766 3356 communia,

621 3413 700 3475 ut
748 3422 945 3496 paene
998 3402 1454 3474 inhumanum
1506 3402 1598 3473 sit
1635 3401 2052 3496 penitusque
2101 3398 2468 3471 ridiculum
2520 3394 2773 3469 talibus

623 3525 1072 3612 incommodis
1108 3525 1452 3618 indignari
1494 3525 1841 3597 hominem
1883 3525 1997 3595 vel
2042 3521 2299 3594 mirari.
2344 3520 2519 3605 Quis
2557 3520 2767 3600 enim,

625 3660 763 3722 uta
790 3650 1032 3743 primis
1065 3649 1320 3732 ordiar,
1349 3650 1509 3742 quis
1535 3647 1891 3718 hominum
1935 3667 2244 3738 unquam
2272 3644 2473 3727 vixit,
2491 3642 2614 3736 qui
2639 3661 2774 3711 non

626 3773 925 3845 vivendo
966 3771 1318 3844 senuerit‘?
1376 3771 1648 3843 Priscos
1715 3771 1867 3841 illos
1911 3778 2145 3861 patres
2208 3766 2444 3838 multis
2499 3761 2775 3836 saeculis

625 3895 1058 3986 protendisse
1097 3895 1266 3966 vitae
1307 3894 1621 3986 spatium,
1648 3892 1966 3984 legimus.
2004 3889 2357 3983 Numquid
2386 3888 2668 3959 tandem
2707 3894 2778 3954 et

629 4025 768 4088 non
810 4018 1129 4091 senuisse
1162 4019 1507 4110 legimus?
1532 4014 1728 4087 Mitto
1753 4014 1906 4087 illos
1931 4015 2052 4109 qui
2078 4001 2163 4085 ¹in
2204 4010 2445 4083 mundi
2486 4008 2778 4103 primor-

626 4137 743 4212 dio
766 4150 1259 4225 memorantur,
1290 4160 1487 4234 quoS,
1542 4141 1735 4211 velut
1785 4138 1855 4209 in
1904 4137 2126 4233 ipsius
2186 4134 2424 4207 saeculi
2492 4131 2778 4201 iuventa

627 4259 851 4331 editos
891 4262 959 4331 in
987 4265 1239 4344 lucem,
1285 4262 1678 4353 vegetiores
1718 4273 1925 4352 atque
1961 4258 2348 4330 vivaciores
2396 4252 2641 4332 fuisse,
2696 4272 2779 4352 aoc
