3104 4805
552 339 670 400 150
1047 345 1060 358 ⁸
1216 351 1299 398 DE
1346 350 1547 397 nanus
1592 348 2036 397 mmuffllnus

551 496 927 586 Vulgatum
974 504 1112 577 est,
1165 492 1335 585 quid
1373 491 1464 563 de
1505 493 1635 563 hoc
1686 492 1863 585 ipso,
1913 492 1981 563 in
2021 491 2429 563 officialibus
2480 493 2705 579 libris,

553 617 788 688 Cicero
823 617 1005 688 idem
1040 615 1367 711 disputet.
1398 615 1536 686 Sed
1572 636 1824 707 magna
1850 636 2013 709 pars
2041 615 2436 705 legentium,
2476 640 2708 689 rerum

553 740 936 831 negligenS,
983 737 1149 810 solis
1193 737 1429 809 verbis
1465 738 1705 822 inhiat,
1751 749 1820 809 et
1859 746 2209 832 praecepta
2248 738 2415 808 vitae
2458 738 2711 810 iudicio

552 865 863 964 aurium,
893 863 1096 956 quasi
1158 862 1441 934 totidem
1502 861 1818 946 fabellas,
1888 861 2343 953 amplectitur.
2406 863 2508 933 Tu
2567 885 2712 933 me-

553 997 785 1057 mento
835 985 969 1056 illic
1007 1008 1146 1057 non
1188 984 1475 1077 linguae,
1534 985 1662 1056 sed
1719 983 1930 1056 animi
1990 984 2349 1075 negotium
2392 983 2537 1077 agi:
2581 984 2711 1055 hoc

552 1120 688 1195 est,
734 1131 870 1180 non
913 1109 1320 1192 rhetoricOS,
1379 1107 1504 1178 sed
1554 1106 2069 1200 philosophicos
2122 1128 2282 1177 esse
2325 1127 2709 1177 sermones.

554 1235 703 1305 Stet
765 1242 925 1304 ante
989 1232 1227 1303 oculos
1293 1232 1364 1302 id
1414 1231 1604 1323 quod
1647 1227 1936 1302 Athenis
1979 1231 2144 1301 olim
2188 1228 2426 1300 Atticis
2467 1238 2708 1301 votum

553 1358 702 1442 fuit,
745 1367 814 1428 et
854 1355 1333 1427 Themistoclis
1375 1353 1769 1438 consilium,
1820 1365 1889 1424 et
1929 1352 2254 1426 Aristidis
2306 1352 2711 1448 interpreta-

556 1480 686 1564 tio,
748 1489 820 1549 et
884 1478 1210 1550 iudicium
1277 1477 1646 1549 concionis,
1689 1479 2028 1565 Proinde,
2079 1478 2402 1573 quamvis
2452 1479 2711 1568 vulgus

556 1601 863 1686 irrideat,
901 1601 1033 1672 hac
1072 1603 1357 1673 demum
1399 1604 1550 1693 lege
1589 1603 2131 1673 emolumentum
2167 1624 2305 1673 non
2345 1620 2709 1695 aspernor,

558 1726 617 1797 si
682 1726 850 1797 nihil
916 1726 1148 1821 probri
1215 1727 1512 1797 mixtum
1578 1725 1817 1796 affert:
1888 1725 1947 1795 si
2017 1747 2251 1809 secuS‚
2321 1746 2460 1795 non
2520 1724 2715 1796 aliter

554 1868 803 1918 aurum
869 1870 1079 1940 quam
1152 1851 1512 1941 scopulum
1577 1847 1837 1919 vitabo.
1891 1846 2158 1919 Aurum
2208 1848 2419 1932 enim,
2489 1859 2567 1918 ut
2622 1849 2717 1918 ait

554 1971 867 2055 Plautus,
918 1973 1128 2041 multa
1193 1973 1415 2041 multis
1481 1994 1651 2064 soepe
1710 1972 1917 2042 suasit
1967 1991 2341 2063 perperam.
2402 1968 2714 2062 Denique

561 2094 669 2188 (ut
722 2095 971 2166 eodem
1022 2118 1180 2166 cum
1221 2105 1503 2166 auctore
1565 2093 2034 2187 concludam),
2079 2115 2215 2162 non
2257 2114 2372 2184 eqo
2413 2094 2716 2173 omnino,

559 2220 813 2288 lucrum
853 2240 1042 2287 omne
1077 2239 1209 2287 esse
1247 2220 1405 2286 utile
1446 2217 1721 2299 homini,
1761 2219 2088 2287 emistimO.
2132 2216 2324 2286 Vale.

1562 2445 1720 2454 «ι...-

1381 2667 1739 2731 EPISTOLA
1780 2668 1892 2733 vn.

744 2857 1131 2908 FRANCISCUS
1167 2857 1501 2907 PETRARCA
1537 2855 1890 2905 FRANCISCO
1925 2856 2216 2905 DIONYSIO
2252 2858 2290 2906 A
2325 2857 2539 2905 BURGO

1199 2964 1427 3013 SANCTI
1463 2960 1813 3011 SEPULCHRI
1846 2960 1898 3010 S.
1938 2961 1994 3009 P.
2033 2960 2091 3009 Ι).

743 3130 1175 3186 Moderationem
1204 3128 1372 3182 animi
1398 3126 1595 3197 cuique
1622 3124 1996 3196 probandam,
2024 3138 2255 3193 eamque
2284 3119 2521 3175 maxime

1359 3221 1703 3279 suadendam
1732 3220 1890 3292 Regi.

760 3448 1093 3536 Quamvis
1134 3469 1272 3518 non
1319 3447 1449 3518 sim
1491 3444 1800 3528 nescius,
1838 3451 2099 3536 quanto
2125 3442 2284 3534 plus
2316 3438 2451 3510 sub
2472 3439 2728 3509 multo—

567 3601 739 3663 rum,
760 3598 970 3670 quam
999 3572 1135 3645 sub
1159 3571 1365 3643 unius
1395 3568 1685 3663 imperio
1708 3569 2019 3638 Romana
2047 3586 2164 3635 res
2189 3562 2518 3646 creverit,
2549 3563 2728 3630 mul-

572 3702 658 3773 tis
686 3712 917 3774 tamen
942 3709 1012 3771 et
1038 3697 1310 3790 magnis
1335 3694 1505 3766 viris
1533 3694 1766 3764 visum
1806 3690 1952 3761 scio
1985 3686 2462 3759 felicissimum
2499 3682 2731 3777 reipu-

569 3827 769 3898 blicae
811 3836 1064 3898 statum
1099 3844 1287 3907 esse,
1336 3820 1470 3893 sub
1512 3841 1680 3901 uno,
1724 3815 2112 3907 eodemque
2148 3813 2357 3896 iusto,
2398 3808 2722 3904 principe.

571 3948 669 4017 Ita
710 3969 1020 4039 pugnare
1068 3945 1273 4017 simul
1324 3941 1700 4015 auctoritas
1765 3948 1836 4011 et
1893 3935 2324 4030 experientia
2378 3931 2723 4002 videntur.

571 4067 707 4138 Sed
747 4069 966 4139 maior
1006 4077 1117 4139 est
1154 4065 1484 4159 quaestio,
1529 4086 1738 4157 quam
1805 4069 1882 4132 ut
1932 4071 2073 4130 tam
2117 4055 2318 4129 brevi
2370 4052 2460 4125 sit
2505 4048 2729 4143 expli-

569 4192 789 4265 canda
851 4192 1166 4262 litterula.
1210 4192 1439 4271 Certe,
1509 4197 1587 4258 ut
1652 4195 2045 4257 nostrarum
2116 4201 2345 4251 rerum
2413 4193 2726 4268 praesens
