3104 4805
622 385 768 433 xcvl

614 528 714 601 Ep.
754 528 841 583 13.

614 1693 711 1766 Ep.
750 1693 838 1747 17.

612 4094 708 4165 Ep.
786 4092 837 4148 7.

1383 383 1907 434 PROLEGOMENON.

883 528 1127 584 Ionmm
1156 527 1445 583 CoumNAE
1472 528 1802 583 citimum.
1820 559 1891 570 —
1907 527 2149 583 Fatebor
2174 529 2441 600 inqenue.

931 618 1072 688 Ar9.
1116 616 1485 685 consolatoria
1513 619 1584 673 ob
1621 619 1825 673 caedem
1862 618 2312 673 Columnensium
2338 619 2528 674 Romae
2564 636 2682 691 per-

1010 714 1205 762 actam.

830 837 841 849 .
882 796 1083 850 Bmmo
1112 795 1593 852 FLORENT1N0.—
1611 797 1813 852 Solum
1838 814 1938 852 seu
1961 798 2114 852 solis.

931 885 1072 957 Ary.
1114 886 1414 939 Amantum
1442 902 1587 939 coeca
1614 902 1731 939 esse
1760 885 1976 940 iudicia.

828 1015 839 1027 .
880 974 1140 1029 Lucumo
1168 974 1524 1028 Vlcsscouiri.
1546 1003 1617 1013 —
1638 974 1843 1038 Quales
1873 990 2262 1044 speraveram.

930 1067 1071 1136 Ary.
1111 1064 1321 1118 Laudat
1355 1064 1425 1118 ob
1462 1063 1706 1118 studium
1743 1063 2051 1118 litterarum
2087 1065 2238 1135 quod
2272 1066 2505 1120 maxime
2535 1068 2680 1139 prin-

999 1155 1146 1225 cipes
1172 1154 1318 1207 viros
1347 1153 1538 1207 decere
1567 1153 1932 1223 demonstrat,
1963 1155 2122 1226 eique
2161 1157 2453 1211 nonnullas
2486 1157 2681 1211 virida-

1000 1243 1064 1296 rii
1092 1243 1177 1297 sui
1204 1243 1416 1314 plantas
1445 1259 1572 1297 cum
1600 1244 1842 1297 carmine
1870 1244 2055 1298 mittit.

828 1375 839 1387 .
882 1333 1089 1388 ΙΑοοΒο
1118 1333 1599 1387 FnonENT1N0.—
1629 1333 1787 1387 Veris
1815 1333 2046 1388 utinam
2075 1335 2355 1389 laudibus.

928 1422 1069 1493 Ary.
1112 1422 1373 1493 Acceptas
1408 1420 1572 1475 hahet
1606 1421 1796 1476 laudes
1832 1422 2032 1492 quibus
2068 1429 2249 1478 tamen
2295 1424 2582 1494 indignum
2617 1440 2676 1478 se

998 1511 1286 1583 profitetur
1309 1528 1319 1563 :
1351 1516 1407 1563 et
1433 1527 1531 1581 pro
1561 1510 1803 1565 oratione
1831 1511 2124 1568 Miloniana
2148 1514 2376 1585 aliisque
2405 1512 2676 1567 Ciceronis

998 1601 1254 1674 operibus
1282 1617 1449 1673 quam
1479 1600 1745 1655 maximas
1774 1600 1974 1671 gratias
2001 1602 2129 1671 agit.

880 1693 1171 1747 Ginssenro
1209 1704 1578 1746 GRAMMAmco
1616 1691 1925 1745 Pamisum.
1950 1721 2020 1731 -—
2047 1692 2544 1746 Adulescentulum
2577 1708 2676 1746 no-

998 1789 1202 1838 strum.

929 1874 1071 1944 Arq.
1113 1871 1471 1926 Commendat
1505 1872 1556 1926 ei
1598 1871 2064 1927 adolescentulum
2095 1889 2290 1941 suum,
2329 1878 2383 1927 et
2416 1873 2577 1944 plura
2612 1871 2678 1925 de

997 1961 1183 2033 pueris
1208 1965 1353 2015 recte
1381 1959 1731 2015 instituendis
1758 1966 2168 2015 commemorat.

830 2093 841 2105 .
881 2051 1280 2105 LANCILLorro
1309 2051 1694 2105 Piscem-mo.
1716 2080 1787 2091 —
1806 2051 2076 2105 Haerebat
2102 2052 2343 2104 calamo.

931 2141 1072 2209 Arq.
1113 2138 1299 2192 Multis
1326 2154 1385 2192 se
1410 2138 1559 2192 curis
1585 2139 1859 2193 laborare:
1890 2141 2094 2194 amoris
2112 2144 2294 2193 autem
2313 2138 2562 2192 flammas
2581 2153 2681 2191 nec

997 2244 1313 2284 sermonum
1340 2244 1440 2282 nec
1468 2228 1776 2284 carminum
1804 2227 2140 2296 argumentis
2166 2225 2449 2296 restingui.

1446 2458 1658 2519 LIBER
1700 2455 1836 2518 vlu.

824 2718 835 2729 .
877 2676 1181 2730 summum
1211 2673 1500 2730 Commu:
1528 2688 1772 2729 semota.
1796 2703 1867 2712 —
1887 2671 2014 2727 Heu
2041 2672 2370 2725 miserande
2396 2688 2585 2727 senem.

926 2766 1068 2837 Ary.
1100 2764 1422 2819 Consolatur
1458 2764 1526 2818 de
1555 2770 1730 2818 morte
1757 2762 2015 2816 Iohannis
2040 2761 2342 2816 Cardinalis
2369 2762 2463 2833 qui
2491 2778 2677 2834 super-

1000 2860 1114 2909 erat
1139 2871 1285 2909 unus
1311 2871 1378 2908 ex
1404 2853 1530 2907 filiis
1559 2853 1694 2907 eius.

822 2987 833 3001 .
876 2945 1159 3000 Ommmo.
1182 2973 1253 2983 —
1272 2942 1439 2996 Nihil
1465 2940 1627 2994 omni
1652 2957 1723 2995 ex
1743 2947 1935 3011 parte.

926 3033 1066 3103 Ary.
1107 3031 1265 3086 Dolet
1301 3045 1359 3083 se
1395 3029 1594 3082 Parma
1631 3026 1867 3082 abfuisse
1904 3029 1960 3082 in
1997 3028 2233 3081 adventu
2269 3027 2387 3082 eius
2432 3033 2485 3082 et
2520 3027 2678 3081 amici

992 3118 1218 3173 alterius
1249 3117 1344 3189 qui
1372 3131 1403 3169 e
1431 3114 1606 3169 Gallia
1634 3131 1761 3169 eum
1789 3116 1957 3170 visuri
1985 3120 2265 3169 venerant.

822 3247 835 3259 .
878 3206 1155 3261 Omnino.
1180 3235 1250 3245 —
1270 3204 1585 3275 Expectavi
1613 3204 1805 3257 anxie.

924 3294 1066 3365 Ary.
1107 3293 1176 3347 Se
1204 3292 1344 3345 nihil
1371 3294 1558 3347 minus
1586 3309 1754 3364 quam
1782 3292 2021 3348 reditum
2048 3294 2107 3347 in
2136 3293 2342 3347 Gallias
2368 3292 2618 3364 cogitare.

821 3425 833 3437 .
875 3383 1153 3438 ΟιΥΜΡιο.
1175 3411 1248 3422 -—
1268 3381 1467 3435 Omnis
1497 3398 1668 3436 amor
1695 3381 2022 3454 impatiens.

923 3474 1064 3543 Ar9.
1106 3470 1274 3525 Enixe
1302 3471 1556 3525 hortatur
1585 3477 1646 3526 ut
1674 3489 1786 3527 una
1812 3489 1940 3527 cum
1968 3473 2155 3527 amieis
2182 3489 2369 3527 secum
2395 3470 2676 3527 contuber-

992 3562 1069 3615 nii
1097 3567 1150 3615 et
1176 3561 1342 3614 totius
1368 3560 1491 3615 vitae
1517 3562 1962 3616 communionem
1991 3562 2130 3616 inire
2159 3561 2303 3617 velit.

822 3691 835 3703 .
877 3649 1152 3704 omnmo.
1175 3677 1246 3687 —
1264 3646 1396 3701 Iam
1422 3648 1718 3717 superiori
1745 3649 2015 3720 epistolae.

924 3739 1064 3810 Ary.
1105 3737 1462 3808 Prosequitur
1489 3738 1787 3807 superioris
1815 3738 2055 3809 epistolae
2080 3742 2483 3808 argumentum.

821 3870 833 3882 .
875 3829 1317 3882 BARTHOLOMAEO
1347 3841 1630 3882 Enssuirffl.
1651 3857 1722 3867 —
1742 3827 1904 3892 Quod
1924 3827 2344 3898 professionem
2371 3830 2547 3878 tuam.

926 3918 1067 3987 Arq.
1108 3917 1271 3972 Mittit
1315 3933 1505 3971 versus
1550 3917 1818 3989 quosdam
1868 3916 2125 3989 operibus
2169 3914 2341 3971 sancti
2385 3910 2670 3982 Augustini

998 4005 1383 4059 subiiciendos

880 4092 1145 4148 Soan'rl.
1166 4126 1237 4135 —
1257 4095 1339 4149 Mi
1365 4097 1570 4166 frater.

925 4184 1067 4254 Ar9.
1106 4184 1186 4239 De
1227 4188 1403 4239 morte
1448 4184 1686 4255 plurium
1733 4186 2063 4250 amicorum,
2106 4188 2161 4237 et
2204 4180 2272 4236 de
2311 4180 2463 4235 clade
2505 4194 2671 4249 quam
