3104 4805
929 419 1111 467 mmm
1154 418 1835 468 snmus—Erimon
1879 421 1916 467 1.
2382 407 2499 468 309

353 570 839 640 contribulatus.
883 568 1065 652 Quid
1090 568 1202 638 hic
1243 590 1419 662 opus
1462 579 1573 639 est
1612 573 1826 639 auro?
1866 570 2119 662 Spiritu
2152 593 2326 664 opus
2368 582 2495 656 est,

350 714 573 785 eoque
601 690 872 764 nonnisi
899 691 1387 773 contribulato;
1417 714 1594 786 opus
1632 700 1744 763 est
1767 689 2001 776 corde,
2048 692 2173 764 sed
2211 694 2499 766 contrito
2596 679 2605 689 ⁸

349 826 419 889 et
456 816 834 888 humiliato.
903 816 1049 887 Hoc
1097 824 1209 887 est
1259 812 1675 886 sacrificium
1733 817 1878 885 Deo
1919 822 2225 906 gratum,
2296 828 2501 910 atque

351 940 610 1012 homini
662 940 812 1011 sine
862 950 1204 1011 terrarum
1247 937 1622 1010 effossione
1661 933 1991 1031 parabile.
2030 938 2394 1009 Submisso
2433 952 2504 1011 et

351 1065 786 1136 immaculato
827 1085 1003 1158 opus
1046 1072 1158 1134 est
1191 1062 1439 1133 animo.
1485 1062 1739 1133 Contra
1779 1083 1906 1133 nec
1951 1072 2138 1133 terso
2177 1083 2306 1133 nec
2347 1062 2502 1132 rudi

351 1211 520 1259 auro
559 1210 735 1281 opus
771 1197 903 1258 est.
945 1187 1194 1259 Nescio
1254 1186 1423 1279 quid
1464 1185 1762 1279 amplius
1804 1184 2060 1270 dicam,
2129 1194 2204 1256 et
2260 1205 2504 1255 vereor

351 1311 565 1382 verba
609 1310 884 1382 iactare.
937 1310 1075 1382 Sed
1124 1311 1211 1394 si,
1257 1318 1416 1403 post
1462 1307 1893 1404 prophetam,
1939 1309 2168 1402 ipsum
2225 1330 2502 1401 quoque

349 1434 662 1504 Persium
721 1443 994 1527 poetam
1037 1432 1278 1505 audire
1320 1454 1458 1505 non
1506 1432 1722 1527 piget,
1762 1430 1994 1504 videte
2036 1432 2204 1525 quid
2244 1431 2501 1505 ibidem

348 1579 662 1650 paganus
702 1556 913 1628 homo
945 1554 1391 1627 Pontificibus
1433 1556 1580 1627 suis
1619 1555 1830 1627 dicat:

588 1762 746 1836 Quin
778 1765 992 1828 damus
1028 1762 1090 1825 id
1123 1764 1362 1844 superis
1396 1766 1469 1827 de
1502 1779 1719 1842 magna
1754 1764 1915 1843 quod
1948 1765 2093 1828 dare
2126 1766 2291 1828 lance

589 1860 718 1922 Non
751 1862 940 1941 possit
972 1864 1177 1939 magni
1209 1861 1472 1925 Messalae
1504 1861 1662 1939 lippa
1695 1876 1979 1940 propago,

348 2059 438 2128 Et
477 2081 563 2130 ne
596 2055 886 2129 dubium
929 2060 1103 2128 foret
1159 2057 1328 2150 quid
1369 2068 1479 2128 est
1516 2057 1650 2129 hoc
1701 2057 1975 2152 superis
2033 2056 2493 2144 offerendum,

346 2182 562 2274 quod,
610 2203 871 2273 genere
911 2191 1118 2273 atque
1157 2180 1405 2278 opibus
1449 2180 1762 2274 superbi,
1807 2182 1997 2265 caeoi,
2041 2181 2351 2253 divitum⁴
2377 2181 2497 2253 filii
2610 2218 2622 2230 ·

347 2325 485 2375 non
524 2316 844 2400 possunt,
890 2304 1312 2376 subsecutus
1351 2304 1735 2399 expressit:

587 2510 1008 2591 Compositum
1039 2510 1165 2587 ius,
1201 2509 1412 2588 fasque
1443 2507 1667 2586 animi,
1702 2514 2060 2587 sanctosque
2094 2524 2368 2572 recessus

583 2607 820 2686 Mentis,
854 2615 912 2670 et
945 2609 1250 2671 incoctum
1280 2623 1579 2686 generoso
1615 2613 1824 2687 pectus
1857 2606 2128 2670 honesto,

343 2809 755 2881 Praeclarum
782 2809 1093 2894 verbum,
1124 2808 1551 2903 dignumque
1585 2809 1775 2902 quod
1799 2808 1889 2881 de
1917 2809 2193 2881 Christo
2234 2808 2491 2881 dictum

340 2942 548 3004 esset.
582 2975 670 2986 —
700 2934 802 3004 Tu
860 2936 1044 3017 vale,
1112 2942 1181 3003 et
1231 2956 1441 3027 quam
1500 2930 1827 3003 fidelibus
1877 2932 2208 3003 conviciis
2251 2954 2492 3005 aurem

340 3057 593 3151 praebe.

496 3307 635 3358 Nota.
669 3307 789 3367 Quae
817 3307 881 3357 de
904 3306 1093 3357 divitiis
1118 3304 1169 3354 in
1193 3306 1382 3356 cultum
1408 3305 1463 3353 D.
1499 3304 1558 3355 Ο.
1594 3304 1656 3353 Μ.
1692 3304 1937 3368 impensis
1967 3304 2021 3356 in
2053 3305 2147 3354 hac
2178 3302 2390 3366 epistola
2420 3302 2490 3352 le·

339 3391 546 3449 guntur,
570 3384 699 3435 adeo
723 3397 752 3434 a
775 3385 984 3449 probata
1009 3384 1249 3435 Ecclesiae
1271 3386 1498 3437 doctrina
1525 3385 1818 3446 abhorrent,
1844 3393 1901 3435 ut
1926 3386 2037 3436 iure
2057 3382 2338 3446 meritoque
2368 3395 2492 3433 non-

338 3465 491 3525 nulli,
526 3478 654 3528 quos
688 3465 820 3515 inter
852 3463 1184 3515 Thomasinus
1223 3472 1278 3515 et
1308 3465 1524 3516 Bzovius
1538 3501 1552 3525 ,
1589 3465 1699 3516 eius
1731 3471 1986 3518 auctorem
2017 3466 2304 3516 Petrai-cam
2335 3463 2491 3516 fuisse

339 3549 544 3608 negent.
