3104 4805
936 401 1118 448 Llessn
1163 400 1876 457 colurus—mus'rom
1923 405 1977 450 v.
2419 390 2528 452 271

382 517 553 614 Haec
582 564 716 635 ego
756 562 896 613 non
931 542 1092 634 legi,
1163 563 1300 612 non
1365 539 1630 625 audivi,
1701 542 1829 613 sed
1876 544 2096 614 oculis
2137 545 2313 617 meis
2366 546 2533 619 vidi.

381 670 621 762 ltaque
659 666 902 740 desine
956 669 1092 739 iam
1160 666 1466 751 tandem,
1537 674 1609 738 et
1671 666 1741 737 in
1804 666 1936 738 hoc
1979 669 2247 755 saltem,
2295 671 2537 765 pavori

380 815 537 863 meo
576 792 803 885 pudor
838 801 998 863 tuus
1033 790 1367 883 ignoscat.
1407 790 1563 861 Scio
1587 789 1757 883 quid
1783 790 2129 862 adversus
2151 791 2299 863 haec
2333 815 2375 864 a
2411 794 2539 867 do-

379 914 1150 1009 ctioribusdisputetur.
1197 912 1467 1008 Ubique
1493 923 1619 1007 par
1643 912 2054 1008 periculum,
2093 916 2225 986 etsi
2260 916 2331 984 in
2364 918 2537 989 mari

380 1040 636 1111 clarius
671 1047 1017 1132 appareat.
1052 1038 1153 1108 Sit
1175 1038 1297 1121 ita3
1341 1046 1417 1107 tu
1452 1046 1686 1108 tamen
1719 1037 2022 1128 ingenue
2057 1039 2334 1122 feceriS,
2373 1040 2434 1112 si
2468 1041 2537 1112 in

382 1164 584 1234 terris
635 1173 888 1249 ortum,
943 1162 1013 1233 in
1066 1161 1271 1234 terris
1311 1162 1487 1233 mori
1528 1161 1954 1255 permiseris.
1991 1161 2132 1233 Vix
2174 1166 2390 1235 ullum
2434 1165 2539 1249 in-

381 1294 486 1357 ter
525 1307 654 1358 nos
700 1308 889 1358 mare
929 1295 1066 1373 est,
1112 1286 1310 1359 cuius
1370 1308 1508 1359 non
1565 1307 1754 1381 saepe
1805 1288 2190 1380 naufragus
2241 1290 2533 1374 fuerim,

382 1432 537 1482 cum
583 1419 816 1481 tamen
854 1410 1035 1481 iuter
1074 1411 1393 1483 laudatas
1431 1410 1657 1482 Publii
1700 1409 2078 1483 sententias
2121 1411 2232 1484 illa
2277 1411 2397 1483 sit:
2443 1453 2533 1465 —-

379 1533 679 1626 Improbe
718 1533 1102 1627 Neptunum
1140 1547 1404 1606 accusat
1452 1535 1568 1628 qui
1603 1537 1844 1606 iterum
1886 1536 2312 1627 naufraqium
2346 1538 2530 1627 facit.

378 1656 566 1726 Vale.

662 1802 919 1876 Neapoli,
950 1805 1026 1859 VI
1057 1805 1178 1860 Kal.
1210 1805 1546 1862 Decembris,

1215 2146 1571 2212 EPISTOLA
1605 2149 1694 2212 Vl.

449 2318 838 2368 FRANCISCUS
867 2319 1201 2369 PETRARCA
1231 2320 1495 2370 IOHANNI
1521 2319 1836 2371 COLUMNA-3
1865 2320 2206 2371 CARDINALI
2233 2323 2286 2372 S.
2318 2323 2372 2371 Ρ.
2400 2323 2461 2371 D.

640 2477 826 2534 Ludos
853 2477 1204 2550 gladiatorios
1231 2478 1563 2548 detestatur,
1592 2479 1928 2551 nunciatque
1955 2496 2014 2535 se
2041 2479 2272 2553 Neapoli

1169 2568 1320 2622 brevi
1349 2568 1744 2624 discessurum.

575 2757 860 2832 Absolvi
896 2759 1229 2853 gravibus
1266 2761 1792 2856 occupationum
1828 2762 2097 2855 laqueis
2132 2761 2531 2855 sperabam3

381 2895 452 2955 et
483 2885 944 2957 successisset
975 2884 1076 2981 (ut
1109 2884 1452 2981 arbitror),
1485 2885 1619 2956 nisi
1653 2885 2065 2959 constrictos
2105 2885 2357 2981 pietate
2390 2885 2539 2956 ani-

381 3030 532 3081 mos
576 3031 867 3104 serpens
909 3009 1020 3078 ille
1066 3007 1382 3081 tabificus
1425 3008 1851 3081 resolvisset.
1904 3009 2056 3079 Non
2096 3030 2217 3081 ore
2257 3010 2535 3105 Psyllus

381 3133 771 3228 promptius
806 3152 1012 3224 quam
1051 3153 1185 3224 ego
1219 3154 1385 3202 aure
1422 3132 1621 3203 virus
1656 3131 1931 3226 agnovi.
1969 3131 2193 3202 Institi
2219 3154 2538 3203 occurre-

383 3275 484 3338 re,
532 3254 658 3325 sed
701 3254 837 3323 iam
878 3276 1127 3325 vereor
1167 3276 1254 3325 ne
1280 3256 1532 3326 lethale
1562 3258 1817 3327 malum
1861 3255 1971 3328 sit.
2015 3255 2398 3326 Retentabo
2434 3264 2539 3325 ta-

383 3367 568 3455 men,‘
591 3374 813 3445 donec
837 3376 997 3445 ullae
1032 3374 1180 3468 spei
1215 3375 1525 3467 reliquiae
1561 3387 1956 3472 supersunt.
1993 3380 2083 3449 Et
2114 3381 2350 3451 forsan
2383 3368 2535 3448 heri

386 3494 475 3565 ad
510 3517 876 3588 vesperam
907 3497 1020 3567 vel
1056 3500 1355 3592 repulsae
1390 3498 1685 3589 gratiam
1722 3500 2157 3586 meruissem,
2200 3503 2336 3572 nisi
2371 3523 2537 3573 con-

387 3617 617 3690 cilium
658 3618 1055 3692 diremisset
1116 3621 1436 3693 festinata
1502 3644 1675 3708 nox,
1737 3635 1808 3695 et
1858 3624 2141 3696 domum
2194 3629 2535 3701 maturius

384 3745 734 3837 coegisset
756 3744 1281 3817 immedicabilis
1315 3744 1659 3839 aegritudo
1691 3745 1900 3818 huius
1931 3745 2142 3828 urhis,
2171 3769 2330 3839 quae
2362 3754 2539 3822 mul-

390 3867 478 3938 tis
518 3867 590 3937 in
631 3864 840 3938 rebus
881 3867 1440 3962 praeclarissima,
1486 3892 1705 3940 unum
1740 3870 1871 3941 hoc
1909 3868 2284 3941 obscurum
2327 3869 2540 3941 habet

384 4001 455 4063 et
511 3989 919 4062 obscoenum
970 4000 1042 4062 et
1089 3990 1552 4065 inveteratum
1604 3994 1882 4064 malum.
1936 3992 2361 4064 Nocturnum
2411 3991 2540 4065 iter

384 4114 515 4201 hic,
545 4137 679 4187 non
713 4134 912 4186 secus
949 4124 1159 4210 atque
1186 4114 1363 4187 inter
1389 4116 1851 4190 densissimas
1889 4117 2124 4204 silvae,
2169 4139 2421 4211 anceps
2456 4139 2536 4189 ac

384 4239 705 4330 periculis
747 4241 1026 4334 plenum
1071 4251 1208 4326 est,
1262 4239 1744 4316 obsidentibus
1789 4242 1939 4316 vias
1982 4241 2326 4315 nobilibus
2369 4243 2534 4314 ado-
