3104 4805
590 367 707 426 :2⁴³2
1280 382 1357 427 oi:
1404 382 1601 428 uenus
1649 381 2093 428 inminuamus

1406 646 1756 709 El‘ls'l'OLA
1803 647 1940 708 Xt'l.

846 840 1228 888 ruesxxciscvs
1267 839 1600 888 Parmam
1640 840 1896 888 omnem
1946 840 2214 888 saprum
2262 843 2312 887 S.
2358 844 2413 890 P.
2464 845 2519 890 n.
2559 881 2564 886 .

947 1020 1225 1086 Queritur,
1256 1019 1466 1072 litteras
1494 1019 1562 1071 ad
1591 1019 1748 1072 illum
1781 1020 2011 1091 scriptas
2039 1037 2097 1074 se
2126 1021 2391 1075 amisisse.

786 1253 1161 1347 Epistolam
1200 1251 1331 1323 sub
1370 1265 1484 1325 tuo
1513 1254 1792 1324 nomine
1835 1254 2261 1350 descriptam
2296 1255 2579 1348 perdidi.
2610 1258 2751 1328 Hoc

593 1377 758 1447 mihi
792 1389 862 1446 et
896 1377 1115 1447 nuntii
1150 1378 1417 1469 longior
1458 1379 1876 1473 expectatio,
1933 1389 2003 1448 et
2055 1379 2396 1449 sociorum
2436 1398 2751 1472 praeceps

591 1503 784 1572 favor
825 1502 1076 1583 attulit3
1124 1500 1264 1592 qui,
1299 1499 1466 1571 dum
1503 1500 1795 1573 assiduo
1835 1523 2175 1572 novarum
2205 1524 2437 1574 rerum
2478 1500 2754 1573 deside-

593 1625 695 1694 rio
734 1635 803 1694 et
841 1624 941 1717 (ut
983 1622 1194 1695 Solini
1240 1622 1460 1695 verbo
1503 1623 1682 1718 utar)
1740 1624 2209 1720 impatientius
2258 1625 2489 1720 potius
2542 1646 2749 1719 quam

596 1746 977 1818 studiosius
1020 1769 1142 1840 per
1195 1746 1684 1818 bibliothecam
1728 1769 1953 1818 meam
1997 1769 2188 1818 more
2243 1749 2441 1819 solito
2492 1771 2752 1840 vagan-

596 1883 698 1942 tes
734 1872 803 1941 in
841 1873 1021 1944 illam
1066 1863 1500 1955 incidissent,
1558 1873 1878 1963 legerunt
1917 1881 1986 1941 et
2027 1873 2347 1955 tulerunt,
2392 1872 2747 1963 ignorante

594 2019 733 2080 me,
772 1995 999 2079 veriti,
1042 2005 1118 2065 ut
1158 2006 1513 2077 asserunt,
1560 2017 1649 2065 ne
1694 1995 1898 2081 sicut,
1938 1994 2177 2067 amicis
2231 1994 2748 2086 indignantibus

591 2130 661 2189 et
702 2117 1244 2188 incuriositatem
1300 2138 1528 2186 meam
1583 2115 2093 2201 damnantibus,
2138 2115 2308 2186 mihi
2348 2117 2751 2209 plerumque

594 2241 1005 2331 contigerat,
1052 2239 1253 2308 illius·
1277 2240 1483 2310 etiam
1530 2241 1788 2332 periret
1822 2241 2242 2334 exemplum.
2288 2240 2462 2332 Ego,
2517 2262 2591 2312 re
2639 2263 2751 2312 co-

592 2362 810 2453 gnita,
846 2372 918 2433 ut
959 2360 1125 2431 mihi
1170 2360 1584 2433 redderetur
1637 2361 2002 2435 instabam.
2058 2363 2159 2433 Illi
2200 2372 2430 2436 autem
2471 2364 2753 2436 festina-

591 2485 776 2554 bant.
807 2485 988 2569 Quid
1017 2495 1080 2554 te
1121 2489 1399 2555 moror?
1440 2486 1701 2555 Verum
1745 2496 1856 2557 est
1888 2487 2076 2578 quod
2111 2487 2208 2558 ait
2232 2487 2544 2581 quidam,
2584 2491 2752 2558 male

590 2618 828 2675 cuncta
862 2608 1192 2675 ministrat
1232 2609 1531 2698 impetus.
1587 2607 1764 2677 Dum
1819 2609 2002 2679 enim
2057 2632 2297 2682 omnes
2340 2610 2598 2682 habere
2633 2634 2753 2683 cu-

589 2728 805 2818 piunt,
876 2728 1109 2797 nullus
1161 2725 1430 2807 habuit;
1490 2726 1801 2817 dumque
1860 2728 2170 2798 omnium
2224 2752 2573 2801 consensu
2633 2733 2749 2802 uni

591 2848 956 2921 scribenda
1016 2848 1334 2932 traditur,
1403 2847 1513 2918 ille
1559 2829 1713 2919 eam
1756 2850 2057 2919 omnium
2122 2873 2279 2920 cum
2344 2851 2584 2922 dolore
2635 2856 2747 2922 vel

588 2970 846 3055 amisit,
878 2974 989 3042 vel
1017 2972 1338 3043 amisisse
1369 2971 1745 3054 simulavit;
1780 2970 2077 3064 qualiter
2101 2971 2364 3056 nescio,
2397 2973 2528 3042 nisi
2556 2974 2744 3063 quod

591 3095 682 3166 ad
722 3095 959 3166 oculos
1001 3116 1196 3166 meos
1251 3096 1427 3166 ultra
1478 3115 1613 3164 non
1678 3093 1900 3165 rediit.
1965 3095 2188 3165 Unum
2257 3093 2547 3180 fatebor,
2615 3117 2745 3166 nec

590 3217 998 3289 erubescam
1053 3218 1515 3289 testimonium
1572 3227 1790 3288 tuum.
1860 3216 2224 3310 Nunquam
2290 3218 2746 3291 credidissem

591 3342 779 3435 quod
821 3364 930 3412 res
971 3344 1109 3413 ulla
1154 3351 1292 3413 tam
1334 3364 1580 3437 parva,
1639 3351 1778 3412 tam
1842 3361 2117 3433 magnae
2168 3342 2338 3413 mihi
2387 3344 2563 3413 soret
2596 3364 2750 3436 per-

595 3464 1003 3536 turbationis
1030 3487 1265 3537 causa.
1305 3465 1485 3537 Raro
1516 3487 1822 3559 unquam
1853 3465 2023 3537 alias
2057 3466 2494 3558 fragilitatem
2522 3489 2745 3538 meam

592 3588 693 3660 sic
732 3588 1089 3661 evidenter
1154 3590 1429 3682 agnovi.
1489 3589 1892 3682 Torquebat
1959 3589 2162 3675 enim,
2206 3600 2276 3662 et
2330 3611 2452 3684 per
2494 3592 2745 3661 multos

591 3711 742 3783 dies
777 3723 1156 3806 noctesque
1195 3710 1538 3806 perditam
1582 3711 1985 3805 quaerebam
2031 3712 2239 3784 simul
2278 3723 2348 3783 et
2386 3711 2741 3805 querebar,

595 3845 663 3905 et
704 3859 887 3907 nunc
931 3836 1365 3909 temerariam
1412 3834 1760 3907 sociorum
1803 3832 2146 3919 fiduciam,
2178 3858 2362 3907 nunc
2396 3836 2742 3907 levitatem

594 3978 816 4028 meam
846 3957 1315 4050 increpabam:
1347 3957 1478 4028 illis
1510 3957 1949 4051 exprobrans
1983 3958 2189 4051 quod,
2208 3962 2363 4052 plus
2392 3981 2598 4053 aequo
2626 3959 2744 4030 sti-

595 4080 733 4148 lum
777 4080 961 4151 hunc
999 4081 1348 4166 mirantes,
1396 4083 1787 4175 importune
1838 4094 2162 4173 agerent;
2189 4082 2354 4153 mihi
2391 4082 2577 4175 quod
2615 4083 2744 4151 im-

594 4211 930 4270 maturam
960 4203 1247 4292 gloriam
1284 4227 1323 4274 e
1359 4203 1678 4297 primitiis
1709 4204 2093 4275 studiorum
2122 4226 2470 4296 quaerenS,
2502 4205 2739 4276 amicis
