3104 4805
527 414 642 475 178
1169 433 1172 436 '
1199 427 1284 474 ‘DE
1327 424 1527 475 REBUS
1569 424 2009 476 nummatus

526 581 816 666 oportet.
860 571 998 642 Sed
1042 570 1221 641 sicut
1262 570 1331 639 in
1371 569 1644 642 caeteris
1684 568 1895 641 rebus
1922 621 1937 652 ,
1985 569 2085 640 sic
2133 568 2204 639 in
2253 569 2450 642 libris
2501 573 2680 644 acci-

526 695 649 781 dit,
694 693 1051 788 quaerendi
1095 715 1468 764 successus
1504 691 1820 765 avaritiae
1858 693 2085 764 calcar
2123 704 2256 776 est,
2294 694 2680 787 quinimmo

529 820 878 910 singulare
944 815 1293 910 quoddam
1345 817 1415 885 in
1469 814 1666 887 libris
1718 824 1846 885 est.
1895 815 2191 899 Aurum,
2253 829 2621 908 argentum
2659 876 2674 902 ,

527 960 853 1032 gemmae,
923 960 1272 1034 purpurea
1335 938 1584 1024 vestis,
1653 960 2038 1010 marmorea
2101 939 2389 1024 domuS,
2450 942 2680 1012 cultus

527 1085 718 1154 ager,
759 1061 964 1158 pictae
1013 1061 1299 1147 tabulae,
1353 1062 1756 1159 phaleratus
1809 1063 2110 1156 sonipeS,
2163 1074 2557 1157 caeteraque
2608 1065 2681 1137 id

528 1209 771 1281 genuS,
817 1198 1074 1258 mutam
1126 1185 1386 1257 habent
1423 1197 1494 1258 et
1534 1183 2076 1281 superficiariam
2111 1189 2564 1279 voluptatem3
2599 1185 2681 1257 li—

528 1311 636 1383 bri
700 1311 1092 1383 medullitus
1140 1309 1514 1396 delectant,
1577 1312 2086 1403 colloquuntur,
2148 1311 2556 1394 consulunt,
2609 1319 2683 1380 et

527 1435 693 1506 viva
733 1433 1035 1526 quadam
1075 1431 1276 1504 nobis
1323 1443 1532 1526 atque
1582 1441 1831 1523 arguta
1878 1430 2335 1503 familiaritate
2381 1430 2680 1523 iungun-

529 1566 661 1626 tur.
703 1555 945 1648 Neque
988 1557 1213 1627 solum
1249 1576 1408 1627 sese
1441 1553 1817 1626 lectoribus
1850 1553 2148 1647 quisque
2177 1554 2324 1626 suis
2357 1554 2676 1639 insinuat,

532 1676 659 1749 sed
696 1686 769 1748 et
806 1677 1096 1749 aliorum
1137 1699 1388 1749 nomen
1425 1676 1701 1770 ingerit,
1748 1686 1820 1749 et
1859 1679 2035 1748 alter
2083 1677 2368 1749 alterius
2410 1677 2684 1750 deside—

534 1799 710 1869 rium
773 1798 953 1870 facit.
1033 1798 1134 1870 Ac
1196 1821 1284 1870 ne
1347 1820 1462 1870 res
1527 1808 1732 1893 egeat
1769 1802 2106 1896 exemplo,
2142 1801 2466 1871 Marcum
2518 1801 2685 1872 mihi

530 1925 916 1996 Varronem
990 1947 1230 1997 carum
1305 1935 1379 1996 et
1444 1924 1811 1997 amabilem
1862 1924 2208 1996 Ciceronis
2258 1921 2685 1994 Academicus

531 2047 718 2119 fecit:
760 2046 964 2119 Ennii
1016 2069 1265 2121 nomen
1318 2047 1386 2117 in
1434 2048 1807 2140 officiorum
1847 2045 2043 2117 libris
2084 2044 2351 2118 audivi:
2389 2047 2686 2140 primum

535 2168 829 2240 Terentii
867 2190 1172 2240 amorem
1199 2189 1294 2238 ex
1347 2167 1869 2239 Tusculanarum
1917 2167 2363 2255 Quaestionum
2398 2168 2687 2239 lectione

534 2290 855 2384 concepi,
919 2290 1198 2362 Catonis
1262 2289 1586 2378 Oriqines,
1640 2301 1711 2362 et
1756 2291 2234 2384 Xenophontis
2286 2288 2691 2360 OEconomi-

536 2435 682 2482 cum
723 2435 818 2483 ex
857 2410 1030 2483 libro
1058 2412 1156 2480 De
1190 2408 1538 2481 Senectute
1573 2414 1897 2504 cognovi;
1932 2414 2397 2507 eumdemque
2430 2437 2472 2486 a
2499 2416 2690 2487 Cice-

536 2554 706 2603 rone
746 2535 1157 2603 translatum
1191 2533 1261 2603 in
1297 2534 1545 2607 iisdem
1582 2534 2003 2607 Officialihus
2039 2535 2231 2607 libris
2267 2537 2540 2610 edidici.
2578 2538 2691 2609 Sic

536 2665 606 2725 et
666 2653 971 2725 Platonis
1052 2655 1329 2726 Timoeus
1391 2657 1663 2729 Solonis
1714 2656 1881 2727 mihi
1934 2659 2449 2729 commendavit
2496 2659 2695 2751 inge-

536 2778 771 2859 nium3
820 2778 1243 2855 Platonicum
1295 2778 1689 2849 Phaedonem
1739 2800 1928 2849 mors
1981 2780 2294 2863 Catonis3
2348 2793 2418 2851 et
2464 2784 2693 2852 Ptole-

538 2900 696 2971 maei
761 2902 950 2994 regis
1011 2902 1448 2976 interdictum
1515 2901 1966 2999 Cyrenaicum
2032 2892 2428 2992 Hegesiam3
2480 2912 2552 2971 et
2597 2905 2690 2973 de

540 3022 886 3095 Ciceronis
924 3022 1239 3117 Epistolis
1258 3081 1273 3108 ‚
1326 3026 1606 3096 Senecae
1646 3022 1863 3116 prius,
1907 3044 2115 3117 quam
2158 3022 2374 3092 oculis
2423 3021 2687 3093 credidi

540 3146 735 3217 meis.
790 3149 882 3219 Et
919 3149 1203 3219 Senecae
1255 3147 1505 3219 Contra
1543 3147 2034 3242 superstitiones
2073 3146 2325 3218 librum
2379 3155 2457 3217 ut
2491 3166 2689 3241 quae-

542 3291 698 3340 rere
722 3267 1097 3365 inciperem
1131 3271 1571 3364 Augustinus
1600 3272 1988 3356 admonuit,
2018 3281 2089 3342 et
2116 3266 2457 3364 Apollonii
2479 3275 2692 3363 Aryc-

541 3393 810 3463 nautica
833 3392 1123 3466 Servius
1150 3394 1480 3481 ostendit,
1507 3404 1581 3467 et
1606 3394 2003 3488 Reipublicae
2037 3394 2253 3466 libros
2286 3417 2445 3465 cum
2477 3391 2691 3478 multi,

544 3527 691 3590 tum
732 3518 1077 3612 praecipue
1116 3520 1516 3591 Lactantius
1560 3518 1897 3614 optabiles
1948 3518 2275 3605 reddidit,
2329 3530 2402 3591 et
2451 3520 2699 3590 Roma·-

543 3664 703 3713 nam
749 3641 948 3714 Plinii
991 3644 1427 3737 Tranquillus
1467 3644 1804 3716 historiam
1836 3701 1851 3728 ,
1894 3653 1965 3716 et
1999 3641 2222 3716 Aulus
2265 3644 2523 3715 Gellius
2556 3645 2698 3714 elo-

547 3768 900 3858 quentiam
946 3768 1291 3840 Favorini.
1335 3769 1647 3862 itemque
1697 3764 1943 3838 Annaei
1983 3765 2166 3839 Flori
2217 3765 2701 3838 florentissima

546 3885 857 3962 brevitas
898 3891 990 3963 ad
1028 3891 1481 3985 inquirendas
1533 3890 1663 3962 Titi
1714 3889 1893 3961 Livii
1944 3888 2273 3982 reliquias
2323 3887 2698 3962 animavit:

548 4019 629 4078 ut
665 4011 1026 4083 notissima
1064 4022 1139 4084 et
1176 4012 1665 4106 vulgatissima
1708 4013 1823 4084 illa
1855 4022 2293 4107 praeteream,
2333 4032 2493 4105 quae
2524 4018 2700 4081 teste

549 4153 686 4201 non
724 4118 957 4224 egent,
995 4147 1066 4205 et
1106 4144 1351 4222 tamen,
1395 4159 1554 4209 cum
1597 4136 1968 4211 accesserit
2003 4135 2201 4208 testis
2228 4132 2574 4217 illustrior,
2603 4134 2702 4203 al—

555 4255 691 4327 tius
724 4253 794 4326 in
836 4257 1139 4329 animum
1181 4259 1910 4352 descenduntzqualis
1942 4270 2054 4332 est
2086 4260 2158 4330 in
2190 4256 2703 4333 Declamationi-
