3104 4805
636 381 755 445 214
1302 394 1385 443 nn
1427 374 1629 444 annus
1672 394 2113 444 rAmmAmssus

635 537 910 608 animus
954 536 1194 608 sensit.
1232 537 1343 607 Sic
1375 536 1467 608 ad
1503 545 1570 606 te
1603 536 1788 607 enim
1826 546 2007 608 totus
2045 545 2324 630 totaque
2358 550 2588 610 mente
2623 561 2783 632 per-

635 660 912 753 gebam,
957 669 1056 745 ut,
1103 669 1171 731 te
1207 683 1423 731 unum
1464 659 1794 750 cogitans,
1839 659 2214 752 praesentia
2243 682 2382 731 non
2421 660 2778 747 viderem;

514 799 526 826 ··
635 792 701 854 te
741 784 1038 863 invento,
1082 785 1268 854 nulla
1308 781 1473 853 mihi
1524 783 1756 875 longae
1789 781 1927 852 viae
1971 782 2296 854 memoria
2348 796 2776 876 superesset.

633 906 812 977 Ecce
851 916 1083 977 autem
1126 928 1309 977 nunc
1346 907 1669 977 eumdem
1711 905 1823 975 illa
1865 907 2205 997 laqueum,
2237 906 2570 977 aliorsum
2598 908 2774 992 licet,

630 1025 953 1113 obvertit,
997 1036 1076 1098 ut
1114 1049 1224 1098 me
1267 1029 1557 1098 Romam
1589 1036 1891 1122 petente,
1934 1035 2000 1096 te
2037 1026 2375 1098 Vasconia
2406 1036 2476 1098 et
2508 1028 2779 1099 occidui

629 1150 850 1222 litoris
885 1158 1201 1222 extrema
1225 1130 1661 1245 possideant:
1687 1161 1759 1222 et
1785 1158 1929 1221 tum
1958 1149 2263 1221 maxime
2289 1150 2774 1238 distrahamur,

628 1273 795 1346 dum
835 1273 1139 1345 maxime
1182 1285 1246 1345 te
1286 1282 1697 1368 praesentem
1748 1296 2095 1369 cuperem,
2142 1273 2364 1344 omnis
2407 1295 2586 1344 meae
2630 1276 2781 1366 glo-

628 1396 751 1469 riae
792 1419 1144 1469 summum
1186 1396 1425 1468 decus.
1471 1397 1607 1467 Sed
1651 1397 1750 1469 sic
1784 1395 1955 1468 eunt
1988 1400 2132 1468 sere
2166 1408 2331 1467 vota
2365 1397 2774 1482 mortalium,

627 1530 707 1592 ut
736 1520 926 1613 quod
960 1519 1442 1591 vehementius
1477 1521 1781 1615 cupiunt,
1820 1519 2080 1610 aegrius
2115 1528 2600 1612 assequantur.
2631 1519 2781 1590 Cae-

630 1653 871 1728 terum,
903 1654 978 1714 ut
1011 1642 1295 1714 meliore
1335 1642 1433 1714 tui
1468 1641 1663 1736 parte
1692 1642 1825 1713 illic
1861 1644 1930 1712 in
1968 1651 2272 1737 tempore
2309 1661 2618 1733 praesens
2655 1641 2772 1726 siS,

629 1766 799 1838 scito
834 1787 943 1836 me
976 1767 1233 1837 laureae
1272 1766 1622 1859 Delphicae
1655 1764 1979 1861 cupidine
2017 1763 2204 1858 (quae
2237 1764 2399 1834 olim
2434 1766 2776 1836 clarorum

628 1890 985 1962 Caesarum
1033 1898 1105 1959 et
1170 1911 1523 1962 sacrorum
1564 1899 1805 1960 vatum
1847 1877 2201 1980 singulare
2241 1897 2311 1958 et
2350 1888 2776 1982 praecipuum

624 2025 867 2088 votum
906 2015 1060 2099 ruit,
1104 2038 1290 2087 nunc
1323 2017 1437 2086 vel
1473 2014 1848 2107 spernitur,
1887 2015 2000 2086 vel
2033 2012 2364 2096 nescitur,
2405 2012 2570 2082 mihi
2607 2033 2778 2083 sane

625 2150 861 2213 noctes
902 2139 1234 2234 plurimas
1275 2139 1633 2214 insomnes
1675 2140 1863 2226 fecit,
1905 2149 1976 2211 et
2013 2139 2102 2211 de
2146 2160 2284 2232 qua
2326 2158 2512 2230 saepe
2562 2140 2778 2208 multa

631 2271 856 2334 tecum
896 2262 1031 2352 egi,
1078 2284 1452 2356 quamque,
1499 2285 1661 2334 cum
1712 2286 1822 2335 me
1875 2263 2212 2335 tantillum
2251 2261 2563 2333 certatim
2614 2259 2777 2333 duae

626 2385 955 2457 maximae
980 2384 1215 2463 ,urbes
1258 2395 1741 2479 exposcerent,
1778 2389 1996 2459 Roma
2035 2397 2243 2481 atque
2281 2385 2631 2473 Parisius,
2676 2387 2780 2459 al·-

629 2516 774 2577 tera
812 2506 1050 2577 mundi
1077 2518 1377 2599 caputet
1411 2508 1686 2579 urbium
1723 2511 1994 2602 regina,
2031 2509 2268 2581 nutrix
2307 2512 2524 2581 altera
2556 2510 2777 2582 nostri

626 2628 956 2723 temporis
998 2630 1412 2714 studiorum,
1459 2640 1618 2723 post
1664 2632 1901 2703 varias
1943 2633 2497 2717 deliberationes,
2529 2633 2618 2706 ad
2649 2657 2779 2705 ex-

626 2760 923 2822 tremum
951 2758 1087 2823 'non
1115 2752 1276 2823 alibi
1300 2775 1509 2846 quam
1535 2755 1789 2837 Romae,
1831 2776 2043 2847 super
2074 2753 2422 2825 cineribus
2458 2756 2778 2848 antiquo-

624 2897 775 2946 rum
820 2886 1092 2963 vatum,
1136 2876 1343 2971 inque
1387 2876 1657 2950 illorum
1699 2876 1864 2948 sede
1913 2875 2279 2968 percipere,
2319 2876 2580 2966 ingenti
2613 2888 2775 2949 ante

623 2996 796 3069 alios
827 3000 1037 3071 fratre
1077 3010 1196 3072 tuo
1223 3021 1511 3072 suasore
1533 3008 1604 3071 et
1635 3000 2044 3082 consultore,
2081 2994 2419 3089 disposui)
2457 2995 2587 3066 hoc
2621 2997 2771 3090 ipso

623 3120 739 3193 die
778 3122 906 3193 iter
955 3123 1265 3215 aggredi.
1318 3124 1395 3203 In
1441 3145 1584 3218 quo
1623 3122 2013 3215 plusculum
2064 3119 2390 3215 temporis
2440 3117 2767 3210 exigitur.

626 3242 1008 3317 Adeundus
1044 3246 1230 3317 enim
1265 3268 1424 3330 rex3
1458 3245 1764 3317 videnda
1795 3241 2251 3337 Parthenope3
2287 3240 2448 3313 inde
2483 3241 2610 3312 iter
2642 3242 2775 3313 erit

625 3368 937 3439 Romam.
1004 3368 1145 3440 Illic
1203 3369 1465 3464 aliquot
1529 3369 1802 3442 dierum
1841 3389 2108 3440 moram
2149 3365 2376 3437 video,
2418 3367 2729 3459 Denique
2754 3422 2769 3452 ,

626 3490 759 3561 nisi
783 3490 950 3561 fallit
976 3490 1372 3578 aestimatiO,
1409 3493 1722 3565 Paschali
1758 3491 1874 3563 die
1909 3514 1969 3562 a.
1991 3490 2060 3563 d.
2089 3492 2179 3562 VI
2216 3490 2382 3562 Idus
2415 3488 2670 3583 Aprilis
2705 3489 2775 3559 in

628 3610 956 3705 Capitolio
983 3635 1096 3685 res
1126 3624 1390 3706 agetur.
1419 3613 1696 3698 Quaeris
1724 3637 1863 3709 quo
1889 3614 2002 3685 hic
2032 3613 2253 3699 labor,
2283 3614 2418 3684 hoc
2445 3613 2773 3698 studium,

626 3731 780 3805 baec
816 3740 1032 3807 cura‘?
1070 3735 1180 3807 An
1220 3738 1626 3824 doctiorem,
1665 3760 1756 3809 an
1797 3737 2153 3810 meliorem
2193 3738 2460 3808 factura
2502 3737 2594 3807 sit
2633 3737 2777 3806 lau-

626 3858 795 3926 rea‘?
856 3856 1203 3931 Notiorem
1269 3861 1468 3944 forte,
1535 3869 1605 3931 et
1668 3859 1969 3952 plurium
2021 3857 2305 3929 invidiae
2355 3856 2771 3952 expositum.

629 3974 947 4051 Scientiae
986 3990 1219 4053 autem
1286 3991 1357 4052 et
1418 3980 1697 4053 virtutis
1753 3983 1962 4053 sedes
2002 3992 2112 4053 est
2169 3982 2475 4052 animus:
2518 3978 2768 4069 ibique,

502 4122 517 4131 -
630 4117 769 4166 non
831 4099 901 4170 in
962 4104 1309 4177 frondosis
1374 4105 1607 4190 ramiS,
1662 4105 2090 4178 avicularum
2144 4127 2355 4188 more,
2399 4099 2812 4189 nidificant.-

631 4216 1010 4308 Quorsum,
1040 4225 1275 4316 igitur,
1306 4228 1418 4300 hic
1442 4229 1789 4301 frondium
1824 4231 2238 4324 apparatus?
2272 4227 2452 4311 Quid
2488 4243 2774 4319 respon-
