<?xml version="1.0" encoding="UTF-8"?>
<!DOCTYPE html PUBLIC "-//W3C//DTD XHTML 1.0 Transitional//EN"
    "http://www.w3.org/TR/xhtml1/DTD/xhtml1-transitional.dtd">
<html xmlns="http://www.w3.org/1999/xhtml" xml:lang="en" lang="en">
 <head>
  <title>
</title>
<meta http-equiv="Content-Type" content="text/html;charset=utf-8" />
  <meta name='ocr-system' content='tesseract 3.04.00' />
  <meta name='ocr-capabilities' content='ocr_page ocr_carea ocr_par ocr_line ocrx_word'/>
</head>
<body>
  <div class='ocr_page' id='page_1' title='image "./epistolaederebu00unkngoog_0266.png"; bbox 0 0 3104 4805; ppageno 0'>
   <div class='ocr_carea' id='block_1_1' title="bbox 560 428 2041 489">
    <p class='ocr_par' dir='ltr' id='par_1_1' title="bbox 560 428 2041 489">
     <span class='ocr_line' id='line_1_1' title="bbox 560 428 2041 489; baseline -0.002 0"><span class='ocrx_word' id='word_1_1' title='bbox 560 428 637 489; x_wconf 86' lang='lat'>98</span> <span class='ocrx_word' id='word_1_2' title='bbox 1230 438 1310 485; x_wconf 75' lang='lat' dir='ltr'>ne</span> <span class='ocrx_word' id='word_1_3' title='bbox 1354 436 1557 485; x_wconf 68' lang='lat' dir='ltr'>nanus</span> <span class='ocrx_word' id='word_1_4' title='bbox 1599 436 2041 486; x_wconf 71' lang='lat' dir='ltr'>rAmmAmssus</span> 
     </span>
    </p>
   </div>
   <div class='ocr_carea' id='block_1_2' title="bbox 557 581 2718 1042">
    <p class='ocr_par' dir='ltr' id='par_1_2' title="bbox 557 581 2718 1042">
     <span class='ocr_line' id='line_1_2' title="bbox 557 581 2718 680; baseline -0.001 -21"><span class='ocrx_word' id='word_1_5' title='bbox 557 588 926 661; x_wconf 82' lang='lat' dir='ltr'>mentietur</span> <span class='ocrx_word' id='word_1_6' title='bbox 965 586 1287 680; x_wconf 88' lang='lat' dir='ltr'>quisquis</span> <span class='ocrx_word' id='word_1_7' title='bbox 1332 595 1397 657; x_wconf 86' lang='lat' dir='ltr'>te</span> <span class='ocrx_word' id='word_1_8' title='bbox 1436 589 1713 658; x_wconf 80' lang='lat' dir='ltr'><strong>exulem</strong></span> <span class='ocrx_word' id='word_1_9' title='bbox 1755 586 2031 658; x_wconf 82' lang='lat' dir='ltr'>dixerit.</span> <span class='ocrx_word' id='word_1_10' title='bbox 2070 587 2142 657; x_wconf 91' lang='lat' dir='ltr'>Si</span> <span class='ocrx_word' id='word_1_11' title='bbox 2168 581 2400 657; x_wconf 85' lang='lat' dir='ltr'>autem</span> <span class='ocrx_word' id='word_1_12' title='bbox 2435 587 2718 680; x_wconf 89' lang='lat' dir='ltr'>reliqui-</span> 
     </span>
     <span class='ocr_line' id='line_1_3' title="bbox 559 709 2714 803; baseline -0.002 -20"><span class='ocrx_word' id='word_1_13' title='bbox 559 713 677 797; x_wconf 88' lang='lat' dir='ltr'>sti,</span> <span class='ocrx_word' id='word_1_14' title='bbox 722 711 947 782; x_wconf 91' lang='lat' dir='ltr'>omnis</span> <span class='ocrx_word' id='word_1_15' title='bbox 989 711 1138 783; x_wconf 89' lang='lat' dir='ltr'>dies</span> <span class='ocrx_word' id='word_1_16' title='bbox 1180 733 1442 782; x_wconf 88' lang='lat' dir='ltr'>novum</span> <span class='ocrx_word' id='word_1_17' title='bbox 1479 709 1739 803; x_wconf 90' lang='lat' dir='ltr'>aliquid</span> <span class='ocrx_word' id='word_1_18' title='bbox 1766 710 1956 803; x_wconf 90' lang='lat' dir='ltr'>quod</span> <span class='ocrx_word' id='word_1_19' title='bbox 1989 713 2230 802; x_wconf 80' lang='lat' dir='ltr'>lugeas</span> <span class='ocrx_word' id='word_1_20' title='bbox 2258 713 2459 782; x_wconf 84' lang='lat' dir='ltr'>feret:</span> <span class='ocrx_word' id='word_1_21' title='bbox 2487 712 2714 783; x_wconf 89' lang='lat' dir='ltr'>omnis</span> 
     </span>
     <span class='ocr_line' id='line_1_4' title="bbox 558 834 2710 920; baseline 0.001 -17"><span class='ocrx_word' id='word_1_22' title='bbox 558 837 750 906; x_wconf 90' lang='lat' dir='ltr'>locus</span> <span class='ocrx_word' id='word_1_23' title='bbox 792 857 927 905; x_wconf 92' lang='lat' dir='ltr'>non</span> <span class='ocrx_word' id='word_1_24' title='bbox 968 835 1308 906; x_wconf 88' lang='lat' dir='ltr'>molestus</span> <span class='ocrx_word' id='word_1_25' title='bbox 1347 845 1643 920; x_wconf 89' lang='lat' dir='ltr'>tantum,</span> <span class='ocrx_word' id='word_1_26' title='bbox 1701 834 1829 904; x_wconf 90' lang='lat' dir='ltr'>sed</span> <span class='ocrx_word' id='word_1_27' title='bbox 1879 834 2180 918; x_wconf 89' lang='lat' dir='ltr'>hostilis,</span> <span class='ocrx_word' id='word_1_28' title='bbox 2237 858 2374 906; x_wconf 92' lang='lat' dir='ltr'>non</span> <span class='ocrx_word' id='word_1_29' title='bbox 2427 834 2710 906; x_wconf 85' lang='lat' dir='ltr'>exilium</span> 
     </span>
     <span class='ocr_line' id='line_1_5' title="bbox 557 956 1814 1042; baseline -0.001 -15"><span class='ocrx_word' id='word_1_30' title='bbox 557 958 762 1029; x_wconf 90' lang='lat' dir='ltr'>modo</span> <span class='ocrx_word' id='word_1_31' title='bbox 798 957 949 1042; x_wconf 87' lang='lat' dir='ltr'>tibi,</span> <span class='ocrx_word' id='word_1_32' title='bbox 997 958 1123 1030; x_wconf 89' lang='lat' dir='ltr'>sed</span> <span class='ocrx_word' id='word_1_33' title='bbox 1155 979 1388 1029; x_wconf 88' lang='lat' dir='ltr'>carcer</span> <span class='ocrx_word' id='word_1_34' title='bbox 1428 956 1580 1027; x_wconf 89' lang='lat' dir='ltr'>erit.</span> <span class='ocrx_word' id='word_1_35' title='bbox 1623 956 1814 1028; x_wconf 85' lang='lat' dir='ltr'>Vale.</span> 
     </span>
    </p>
   </div>
   <div class='ocr_carea' id='block_1_3' title="bbox 1559 1219 1716 1228">
    <p class='ocr_par' dir='ltr' id='par_1_3' title="bbox 1559 1219 1716 1228">
     <span class='ocr_line' id='line_1_6' title="bbox 1559 1219 1716 1228; baseline 0.013 -2"><span class='ocrx_word' id='word_1_36' title='bbox 1559 1219 1716 1228; x_wconf 79' lang='lat'>-———</span> 
     </span>
    </p>
   </div>
   <div class='ocr_carea' id='block_1_4' title="bbox 1399 1448 1882 1515">
    <p class='ocr_par' dir='ltr' id='par_1_4' title="bbox 1399 1448 1882 1515">
     <span class='ocr_line' id='line_1_7' title="bbox 1399 1448 1882 1515; baseline 0 -4"><span class='ocrx_word' id='word_1_37' title='bbox 1399 1448 1755 1513; x_wconf 81' lang='lat' dir='ltr'>EPISTOLA</span> <span class='ocrx_word' id='word_1_38' title='bbox 1794 1450 1882 1515; x_wconf 80' lang='lat' dir='ltr'>lv.</span> 
     </span>
    </p>
   </div>
   <div class='ocr_carea' id='block_1_5' title="bbox 670 1656 2599 1713">
    <p class='ocr_par' dir='ltr' id='par_1_5' title="bbox 670 1656 2599 1713">
     <span class='ocr_line' id='line_1_8' title="bbox 670 1656 2599 1713; baseline 0.003 -7"><span class='ocrx_word' id='word_1_39' title='bbox 670 1656 1056 1708; x_wconf 80' lang='lat' dir='ltr'>FRANCISCUS</span> <span class='ocrx_word' id='word_1_40' title='bbox 1098 1659 1435 1708; x_wconf 74' lang='lat' dir='ltr'>PETRARCA</span> <span class='ocrx_word' id='word_1_41' title='bbox 1478 1661 1723 1709; x_wconf 82' lang='lat' dir='ltr'>SEVERO</span> <span class='ocrx_word' id='word_1_42' title='bbox 1781 1661 2306 1712; x_wconf 79' lang='lat' dir='ltr'><strong>APPENNINICOLAE</strong></span> <span class='ocrx_word' id='word_1_43' title='bbox 2346 1662 2397 1712; x_wconf 91' lang='lat' dir='ltr'>S.</span> <span class='ocrx_word' id='word_1_44' title='bbox 2441 1663 2497 1712; x_wconf 79' lang='lat' dir='ltr'>P.</span> <span class='ocrx_word' id='word_1_45' title='bbox 2540 1665 2599 1713; x_wconf 86' lang='lat' dir='ltr'>D.</span> 
     </span>
    </p>
   </div>
   <div class='ocr_carea' id='block_1_6' title="bbox 988 1844 2285 1915">
    <p class='ocr_par' dir='ltr' id='par_1_6' title="bbox 988 1844 2285 1915">
     <span class='ocr_line' id='line_1_9' title="bbox 988 1844 2285 1915; baseline 0.003 -19"><span class='ocrx_word' id='word_1_46' title='bbox 988 1844 1227 1899; x_wconf 84' lang='lat' dir='ltr'>Exilium</span> <span class='ocrx_word' id='word_1_47' title='bbox 1258 1860 1401 1915; x_wconf 78' lang='lat' dir='ltr'>aegre</span> <span class='ocrx_word' id='word_1_48' title='bbox 1428 1844 1696 1898; x_wconf 86' lang='lat' dir='ltr'>ferentem</span> <span class='ocrx_word' id='word_1_49' title='bbox 1725 1845 1925 1899; x_wconf 87' lang='lat' dir='ltr'>iterum</span> <span class='ocrx_word' id='word_1_50' title='bbox 1953 1846 2285 1901; x_wconf 87' lang='lat' dir='ltr'>consolatur.</span> 
     </span>
    </p>
   </div>
   <div class='ocr_carea' id='block_1_7' title="bbox 553 2065 2717 3015">
    <p class='ocr_par' dir='ltr' id='par_1_7' title="bbox 553 2065 2717 3015">
     <span class='ocr_line' id='line_1_10' title="bbox 751 2065 2716 2161; baseline 0.003 -25"><span class='ocrx_word' id='word_1_51' title='bbox 751 2067 1125 2139; x_wconf 87' lang='lat' dir='ltr'>Excidisse</span> <span class='ocrx_word' id='word_1_52' title='bbox 1152 2066 1272 2138; x_wconf 88' lang='lat' dir='ltr'>tibi</span> <span class='ocrx_word' id='word_1_53' title='bbox 1301 2090 1576 2139; x_wconf 91' lang='lat' dir='ltr'>omnem</span> <span class='ocrx_word' id='word_1_54' title='bbox 1600 2090 1795 2161; x_wconf 89' lang='lat' dir='ltr'>spem</span> <span class='ocrx_word' id='word_1_55' title='bbox 1819 2065 2054 2150; x_wconf 70' lang='lat' dir='ltr'>videm</span> <span class='ocrx_word' id='word_1_56' title='bbox 2084 2068 2273 2161; x_wconf 90' lang='lat' dir='ltr'>quod</span> <span class='ocrx_word' id='word_1_57' title='bbox 2293 2091 2504 2161; x_wconf 90' lang='lat' dir='ltr'>quam</span> <span class='ocrx_word' id='word_1_58' title='bbox 2533 2080 2716 2142; x_wconf 89' lang='lat' dir='ltr'>recte</span> 
     </span>
     <span class='ocr_line' id='line_1_11' title="bbox 554 2186 2714 2283; baseline 0 -23"><span class='ocrx_word' id='word_1_59' title='bbox 554 2187 856 2283; x_wconf 89' lang='lat' dir='ltr'>patiaris,</span> <span class='ocrx_word' id='word_1_60' title='bbox 903 2186 1193 2278; x_wconf 88' lang='lat' dir='ltr'>epistola</span> <span class='ocrx_word' id='word_1_61' title='bbox 1246 2187 1607 2279; x_wconf 83' lang='lat' dir='ltr'>superiore</span> <span class='ocrx_word' id='word_1_62' title='bbox 1660 2199 1955 2262; x_wconf 90' lang='lat' dir='ltr'>testatus</span> <span class='ocrx_word' id='word_1_63' title='bbox 2003 2213 2195 2261; x_wconf 89' lang='lat' dir='ltr'>sum:</span> <span class='ocrx_word' id='word_1_64' title='bbox 2236 2188 2577 2282; x_wconf 87' lang='lat' dir='ltr'>doleoque</span> <span class='ocrx_word' id='word_1_65' title='bbox 2622 2191 2714 2261; x_wconf 94' lang='lat' dir='ltr'>nil</span> 
     </span>
     <span class='ocr_line' id='line_1_12' title="bbox 555 2307 2715 2398; baseline 0.002 -18"><span class='ocrx_word' id='word_1_66' title='bbox 555 2311 739 2380; x_wconf 91' lang='lat' dir='ltr'>illam</span> <span class='ocrx_word' id='word_1_67' title='bbox 791 2307 912 2378; x_wconf 90' lang='lat' dir='ltr'>tibi</span> <span class='ocrx_word' id='word_1_68' title='bbox 953 2307 1236 2379; x_wconf 87' lang='lat' dir='ltr'>remedii</span> <span class='ocrx_word' id='word_1_69' title='bbox 1286 2308 1682 2379; x_wconf 83' lang='lat' dir='ltr'>contulisse.</span> <span class='ocrx_word' id='word_1_70' title='bbox 1726 2312 1870 2381; x_wconf 89' lang='lat' dir='ltr'>Nec</span> <span class='ocrx_word' id='word_1_71' title='bbox 1926 2314 2094 2383; x_wconf 87' lang='lat' dir='ltr'>satis</span> <span class='ocrx_word' id='word_1_72' title='bbox 2147 2312 2317 2398; x_wconf 88' lang='lat' dir='ltr'>scio,</span> <span class='ocrx_word' id='word_1_73' title='bbox 2362 2324 2594 2385; x_wconf 89' lang='lat' dir='ltr'>utrum</span> <span class='ocrx_word' id='word_1_74' title='bbox 2647 2314 2715 2384; x_wconf 90' lang='lat' dir='ltr'>in</span> 
     </span>
     <span class='ocr_line' id='line_1_13' title="bbox 556 2431 2714 2528; baseline 0.002 -25"><span class='ocrx_word' id='word_1_75' title='bbox 556 2433 853 2515; x_wconf 90' lang='lat' dir='ltr'>medico,</span> <span class='ocrx_word' id='word_1_76' title='bbox 893 2452 984 2500; x_wconf 90' lang='lat' dir='ltr'>an</span> <span class='ocrx_word' id='word_1_77' title='bbox 1026 2431 1093 2500; x_wconf 91' lang='lat' dir='ltr'>in</span> <span class='ocrx_word' id='word_1_78' title='bbox 1137 2441 1521 2522; x_wconf 73' lang='lat' dir='ltr'>aegrotante</span> <span class='ocrx_word' id='word_1_79' title='bbox 1564 2432 1656 2503; x_wconf 90' lang='lat' dir='ltr'>sit</span> <span class='ocrx_word' id='word_1_80' title='bbox 1695 2433 1970 2516; x_wconf 81' lang='lat' dir='ltr'>vitium3</span> <span class='ocrx_word' id='word_1_81' title='bbox 2014 2437 2161 2528; x_wconf 85' lang='lat' dir='ltr'>qui,</span> <span class='ocrx_word' id='word_1_82' title='bbox 2204 2438 2263 2507; x_wconf 93' lang='lat' dir='ltr'>si</span> <span class='ocrx_word' id='word_1_83' title='bbox 2298 2437 2386 2508; x_wconf 90' lang='lat' dir='ltr'>ad</span> <span class='ocrx_word' id='word_1_84' title='bbox 2425 2441 2714 2510; x_wconf 89' lang='lat' dir='ltr'>salutem</span> 
     </span>
     <span class='ocr_line' id='line_1_14' title="bbox 553 2552 2717 2653; baseline 0.003 -31"><span class='ocrx_word' id='word_1_85' title='bbox 553 2552 915 2648; x_wconf 85' lang='lat' dir='ltr'>pervenire</span> <span class='ocrx_word' id='word_1_86' title='bbox 946 2555 1152 2645; x_wconf 87' lang='lat' dir='ltr'>cupit,</span> <span class='ocrx_word' id='word_1_87' title='bbox 1183 2554 1542 2625; x_wconf 88' lang='lat' dir='ltr'>credulum</span> <span class='ocrx_word' id='word_1_88' title='bbox 1587 2577 1663 2625; x_wconf 89' lang='lat' dir='ltr'>se</span> <span class='ocrx_word' id='word_1_89' title='bbox 1697 2557 2029 2642; x_wconf 91' lang='lat' dir='ltr'>consiliis,</span> <span class='ocrx_word' id='word_1_90' title='bbox 2065 2569 2136 2629; x_wconf 90' lang='lat' dir='ltr'>et</span> <span class='ocrx_word' id='word_1_91' title='bbox 2168 2558 2717 2653; x_wconf 89' lang='lat' dir='ltr'>obsequentissi-</span> 
     </span>
     <span class='ocr_line' id='line_1_15' title="bbox 553 2674 2714 2773; baseline 0.004 -30"><span class='ocrx_word' id='word_1_92' title='bbox 553 2696 742 2744; x_wconf 92' lang='lat' dir='ltr'>mum</span> <span class='ocrx_word' id='word_1_93' title='bbox 777 2674 1203 2745; x_wconf 90' lang='lat' dir='ltr'>medicorum</span> <span class='ocrx_word' id='word_1_94' title='bbox 1245 2674 1515 2766; x_wconf 84' lang='lat' dir='ltr'>legibus</span> <span class='ocrx_word' id='word_1_95' title='bbox 1560 2687 1900 2768; x_wconf 77' lang='lat' dir='ltr'>praestare</span> <span class='ocrx_word' id='word_1_96' title='bbox 1947 2678 2175 2750; x_wconf 89' lang='lat' dir='ltr'>debet.</span> <span class='ocrx_word' id='word_1_97' title='bbox 2232 2683 2384 2771; x_wconf 83' lang='lat' dir='ltr'>Ego</span> <span class='ocrx_word' id='word_1_98' title='bbox 2430 2682 2714 2773; x_wconf 88' lang='lat' dir='ltr'>quidem</span> 
     </span>
     <span class='ocr_line' id='line_1_16' title="bbox 555 2794 2708 2890; baseline 0.004 -26"><span class='ocrx_word' id='word_1_99' title='bbox 555 2794 622 2865; x_wconf 96' lang='lat' dir='ltr'>in</span> <span class='ocrx_word' id='word_1_100' title='bbox 664 2796 777 2866; x_wconf 90' lang='lat' dir='ltr'>illa</span> <span class='ocrx_word' id='word_1_101' title='bbox 833 2795 907 2866; x_wconf 94' lang='lat' dir='ltr'>id</span> <span class='ocrx_word' id='word_1_102' title='bbox 946 2795 1269 2887; x_wconf 81' lang='lat' dir='ltr'>agebam,</span> <span class='ocrx_word' id='word_1_103' title='bbox 1313 2806 1413 2882; x_wconf 91' lang='lat' dir='ltr'>ut,</span> <span class='ocrx_word' id='word_1_104' title='bbox 1460 2796 1755 2868; x_wconf 89' lang='lat' dir='ltr'>dimissa</span> <span class='ocrx_word' id='word_1_105' title='bbox 1802 2799 2048 2890; x_wconf 89' lang='lat' dir='ltr'>patria,</span> <span class='ocrx_word' id='word_1_106' title='bbox 2104 2819 2296 2890; x_wconf 89' lang='lat' dir='ltr'>spem</span> <span class='ocrx_word' id='word_1_107' title='bbox 2341 2821 2664 2872; x_wconf 82' lang='lat' dir='ltr'>servares</span> <span class='ocrx_word' id='word_1_108' title='bbox 2693 2859 2708 2887; x_wconf 95' lang='lat'>,</span> 
     </span>
     <span class='ocr_line' id='line_1_17' title="bbox 553 2919 2708 3015; baseline 0.001 -25"><span class='ocrx_word' id='word_1_109' title='bbox 553 2919 751 2991; x_wconf 88' lang='lat' dir='ltr'>cuius</span> <span class='ocrx_word' id='word_1_110' title='bbox 785 2931 977 2992; x_wconf 89' lang='lat' dir='ltr'>tanta</span> <span class='ocrx_word' id='word_1_111' title='bbox 1001 2921 1112 2993; x_wconf 87' lang='lat' dir='ltr'>vis</span> <span class='ocrx_word' id='word_1_112' title='bbox 1141 2933 1273 3006; x_wconf 88' lang='lat' dir='ltr'>est,</span> <span class='ocrx_word' id='word_1_113' title='bbox 1318 2932 1395 2993; x_wconf 91' lang='lat' dir='ltr'>ut</span> <span class='ocrx_word' id='word_1_114' title='bbox 1434 2932 1821 3015; x_wconf 81' lang='lat' dir='ltr'>praesentes</span> <span class='ocrx_word' id='word_1_115' title='bbox 1866 2924 2216 2996; x_wconf 88' lang='lat' dir='ltr'>molestias</span> <span class='ocrx_word' id='word_1_116' title='bbox 2252 2946 2391 2994; x_wconf 90' lang='lat' dir='ltr'>non</span> <span class='ocrx_word' id='word_1_117' title='bbox 2428 2923 2708 3006; x_wconf 88' lang='lat' dir='ltr'>sentiat,</span> 
     </span>
    </p>
   </div>
   <div class='ocr_carea' id='block_1_8' title="bbox 440 3043 2712 3139">
    <p class='ocr_par' dir='ltr' id='par_1_8' title="bbox 440 3043 2712 3139">
     <span class='ocr_line' id='line_1_18' title="bbox 440 3043 2712 3139; baseline -0 -25"><span class='ocrx_word' id='word_1_118' title='bbox 440 3115 443 3122; x_wconf 82' lang='grc'><strong>,</strong></span> <span class='ocrx_word' id='word_1_119' title='bbox 553 3044 749 3129; x_wconf 89' lang='lat' dir='ltr'>dum,</span> <span class='ocrx_word' id='word_1_120' title='bbox 789 3044 922 3115; x_wconf 89' lang='lat' dir='ltr'>sibi</span> <span class='ocrx_word' id='word_1_121' title='bbox 962 3043 1225 3117; x_wconf 83' lang='lat' dir='ltr'>laetiora</span> <span class='ocrx_word' id='word_1_122' title='bbox 1262 3045 1689 3138; x_wconf 84' lang='lat' dir='ltr'>promittenS,</span> <span class='ocrx_word' id='word_1_123' title='bbox 1729 3055 2101 3116; x_wconf 89' lang='lat' dir='ltr'>venturum</span> <span class='ocrx_word' id='word_1_124' title='bbox 2141 3056 2411 3139; x_wconf 88' lang='lat' dir='ltr'>tempus</span> <span class='ocrx_word' id='word_1_125' title='bbox 2453 3044 2712 3135; x_wconf 79' lang='lat' dir='ltr'>cogita—</span> 
     </span>
    </p>
   </div>
   <div class='ocr_carea' id='block_1_9' title="bbox 550 3164 2723 4371">
    <p class='ocr_par' dir='ltr' id='par_1_9' title="bbox 550 3164 2723 4371">
     <span class='ocr_line' id='line_1_19' title="bbox 554 3164 2712 3261; baseline -0.001 -25"><span class='ocrx_word' id='word_1_126' title='bbox 554 3165 738 3236; x_wconf 90' lang='lat' dir='ltr'>tione</span> <span class='ocrx_word' id='word_1_127' title='bbox 776 3166 1273 3260; x_wconf 86' lang='lat' dir='ltr'>complectitur.</span> <span class='ocrx_word' id='word_1_128' title='bbox 1314 3166 1499 3250; x_wconf 89' lang='lat' dir='ltr'>Quid</span> <span class='ocrx_word' id='word_1_129' title='bbox 1540 3177 1772 3239; x_wconf 88' lang='lat' dir='ltr'>autem</span> <span class='ocrx_word' id='word_1_130' title='bbox 1815 3178 1884 3238; x_wconf 94' lang='lat' dir='ltr'>te</span> <span class='ocrx_word' id='word_1_131' title='bbox 1928 3189 2214 3261; x_wconf 89' lang='lat' dir='ltr'>sperare</span> <span class='ocrx_word' id='word_1_132' title='bbox 2253 3164 2712 3261; x_wconf 76' lang='lat' dir='ltr'>prohibebat?</span> 
     </span>
     <span class='ocr_line' id='line_1_20' title="bbox 550 3286 2716 3382; baseline -0 -24"><span class='ocrx_word' id='word_1_133' title='bbox 550 3288 890 3359; x_wconf 88' lang='lat' dir='ltr'>Patriaene</span> <span class='ocrx_word' id='word_1_134' title='bbox 931 3289 1303 3380; x_wconf 82' lang='lat' dir='ltr'>relegantis</span> <span class='ocrx_word' id='word_1_135' title='bbox 1340 3289 1728 3382; x_wconf 73' lang='lat' dir='ltr'>asperitas?</span> <span class='ocrx_word' id='word_1_136' title='bbox 1760 3288 2096 3372; x_wconf 70' lang='lat' dir='ltr'>Quaenam</span> <span class='ocrx_word' id='word_1_137' title='bbox 2126 3292 2342 3361; x_wconf 77' lang='lat' dir='ltr'>vero?</span> <span class='ocrx_word' id='word_1_138' title='bbox 2384 3309 2510 3358; x_wconf 90' lang='lat' dir='ltr'>seu</span> <span class='ocrx_word' id='word_1_139' title='bbox 2544 3286 2716 3379; x_wconf 89' lang='lat' dir='ltr'>quid</span> 
     </span>
     <span class='ocr_line' id='line_1_21' title="bbox 553 3409 2716 3504; baseline -0.002 -22"><span class='ocrx_word' id='word_1_140' title='bbox 553 3432 840 3504; x_wconf 89' lang='lat' dir='ltr'>prorsus</span> <span class='ocrx_word' id='word_1_141' title='bbox 863 3418 974 3481; x_wconf 90' lang='lat' dir='ltr'>est</span> <span class='ocrx_word' id='word_1_142' title='bbox 999 3410 1140 3496; x_wconf 90' lang='lat' dir='ltr'>tibi,</span> <span class='ocrx_word' id='word_1_143' title='bbox 1164 3421 1441 3504; x_wconf 91' lang='lat' dir='ltr'>propter</span> <span class='ocrx_word' id='word_1_144' title='bbox 1466 3412 1601 3482; x_wconf 88' lang='lat' dir='ltr'>hoc</span> <span class='ocrx_word' id='word_1_145' title='bbox 1624 3435 1842 3482; x_wconf 90' lang='lat' dir='ltr'>unum</span> <span class='ocrx_word' id='word_1_146' title='bbox 1872 3411 2065 3482; x_wconf 85' lang='lat' dir='ltr'>exilii</span> <span class='ocrx_word' id='word_1_147' title='bbox 2092 3434 2376 3495; x_wconf 88' lang='lat' dir='ltr'>nomen,</span> <span class='ocrx_word' id='word_1_148' title='bbox 2410 3409 2716 3480; x_wconf 91' lang='lat' dir='ltr'>ablatum</span> 
     </span>
     <span class='ocr_line' id='line_1_22' title="bbox 553 3533 2718 3627; baseline 0 -25"><span class='ocrx_word' id='word_1_149' title='bbox 553 3533 922 3619; x_wconf 86' lang='lat' dir='ltr'>illatumve,</span> <span class='ocrx_word' id='word_1_150' title='bbox 952 3557 1093 3627; x_wconf 91' lang='lat' dir='ltr'>quo</span> <span class='ocrx_word' id='word_1_151' title='bbox 1117 3535 1406 3607; x_wconf 70' lang='lat' dir='ltr'>doleas?</span> <span class='ocrx_word' id='word_1_152' title='bbox 1439 3533 1550 3604; x_wconf 90' lang='lat' dir='ltr'>An</span> <span class='ocrx_word' id='word_1_153' title='bbox 1575 3535 1666 3606; x_wconf 87' lang='lat' dir='ltr'>ad</span> <span class='ocrx_word' id='word_1_154' title='bbox 1700 3534 1853 3606; x_wconf 84' lang='lat' dir='ltr'>haec</span> <span class='ocrx_word' id='word_1_155' title='bbox 1880 3533 2004 3605; x_wconf 92' lang='lat' dir='ltr'>tibi</span> <span class='ocrx_word' id='word_1_156' title='bbox 2033 3537 2379 3607; x_wconf 88' lang='lat' dir='ltr'>clarorum</span> <span class='ocrx_word' id='word_1_157' title='bbox 2407 3533 2718 3605; x_wconf 87' lang='lat' dir='ltr'>virorum</span> 
     </span>
     <span class='ocr_line' id='line_1_23' title="bbox 552 3655 2722 3753; baseline -0.002 -25"><span class='ocrx_word' id='word_1_158' title='bbox 552 3660 872 3753; x_wconf 85' lang='lat' dir='ltr'>exempla</span> <span class='ocrx_word' id='word_1_159' title='bbox 920 3659 1326 3730; x_wconf 75' lang='lat' dir='ltr'>defuerant?</span> <span class='ocrx_word' id='word_1_160' title='bbox 1380 3657 1517 3729; x_wconf 85' lang='lat' dir='ltr'>Sed</span> <span class='ocrx_word' id='word_1_161' title='bbox 1580 3660 1794 3729; x_wconf 88' lang='lat' dir='ltr'>multa</span> <span class='ocrx_word' id='word_1_162' title='bbox 1856 3666 2016 3729; x_wconf 82' lang='lat' dir='ltr'>ante</span> <span class='ocrx_word' id='word_1_163' title='bbox 2067 3662 2305 3731; x_wconf 89' lang='lat' dir='ltr'>oculos</span> <span class='ocrx_word' id='word_1_164' title='bbox 2357 3655 2599 3751; x_wconf 89' lang='lat' dir='ltr'>posui,</span> <span class='ocrx_word' id='word_1_165' title='bbox 2652 3665 2722 3725; x_wconf 89' lang='lat' dir='ltr'>et</span> 
     </span>
     <span class='ocr_line' id='line_1_24' title="bbox 554 3783 2723 3876; baseline 0.001 -27"><span class='ocrx_word' id='word_1_166' title='bbox 554 3783 848 3872; x_wconf 89' lang='lat' dir='ltr'>plurima</span> <span class='ocrx_word' id='word_1_167' title='bbox 868 3804 1224 3876; x_wconf 90' lang='lat' dir='ltr'>ponerem,</span> <span class='ocrx_word' id='word_1_168' title='bbox 1255 3783 1389 3854; x_wconf 88' lang='lat' dir='ltr'>nisi</span> <span class='ocrx_word' id='word_1_169' title='bbox 1418 3784 1530 3854; x_wconf 91' lang='lat' dir='ltr'>illa</span> <span class='ocrx_word' id='word_1_170' title='bbox 1556 3783 1954 3876; x_wconf 87' lang='lat' dir='ltr'>periissent:</span> <span class='ocrx_word' id='word_1_171' title='bbox 1981 3805 2076 3854; x_wconf 83' lang='lat' dir='ltr'>ex</span> <span class='ocrx_word' id='word_1_172' title='bbox 2101 3784 2358 3876; x_wconf 88' lang='lat' dir='ltr'>quibus</span> <span class='ocrx_word' id='word_1_173' title='bbox 2385 3801 2723 3873; x_wconf 81' lang='lat' dir='ltr'>agnosce·</span> 
     </span>
     <span class='ocr_line' id='line_1_25' title="bbox 557 3904 2721 3996; baseline 0.001 -25"><span class='ocrx_word' id='word_1_174' title='bbox 557 3922 703 3985; x_wconf 90' lang='lat' dir='ltr'>res,</span> <span class='ocrx_word' id='word_1_175' title='bbox 745 3925 942 3996; x_wconf 89' lang='lat' dir='ltr'>spem</span> <span class='ocrx_word' id='word_1_176' title='bbox 978 3905 1231 3979; x_wconf 88' lang='lat' dir='ltr'>bonam</span> <span class='ocrx_word' id='word_1_177' title='bbox 1272 3917 1573 3978; x_wconf 88' lang='lat' dir='ltr'>eventus</span> <span class='ocrx_word' id='word_1_178' title='bbox 1616 3907 1876 3978; x_wconf 88' lang='lat' dir='ltr'>habere</span> <span class='ocrx_word' id='word_1_179' title='bbox 1909 3906 2371 3979; x_wconf 86' lang='lat' dir='ltr'>felicissimos.</span> <span class='ocrx_word' id='word_1_180' title='bbox 2408 3904 2517 3975; x_wconf 91' lang='lat' dir='ltr'>An</span> <span class='ocrx_word' id='word_1_181' title='bbox 2550 3923 2721 3975; x_wconf 84' lang='lat' dir='ltr'>vero</span> 
     </span>
     <span class='ocr_line' id='line_1_26' title="bbox 559 4022 2717 4120; baseline 0.001 -29"><span class='ocrx_word' id='word_1_182' title='bbox 559 4022 847 4095; x_wconf 91' lang='lat' dir='ltr'>timuisti</span> <span class='ocrx_word' id='word_1_183' title='bbox 885 4029 1178 4118; x_wconf 89' lang='lat' dir='ltr'>patriam</span> <span class='ocrx_word' id='word_1_184' title='bbox 1221 4040 1410 4099; x_wconf 90' lang='lat' dir='ltr'>tuam</span> <span class='ocrx_word' id='word_1_185' title='bbox 1456 4029 1606 4100; x_wconf 89' lang='lat' dir='ltr'>sine</span> <span class='ocrx_word' id='word_1_186' title='bbox 1651 4028 1789 4102; x_wconf 90' lang='lat' dir='ltr'>fine</span> <span class='ocrx_word' id='word_1_187' title='bbox 1841 4031 2270 4114; x_wconf 87' lang='lat' dir='ltr'>saevituram,</span> <span class='ocrx_word' id='word_1_188' title='bbox 2325 4026 2513 4120; x_wconf 90' lang='lat' dir='ltr'>quod</span> <span class='ocrx_word' id='word_1_189' title='bbox 2563 4034 2717 4094; x_wconf 86' lang='lat' dir='ltr'>tan—</span> 
     </span>
     <span class='ocr_line' id='line_1_27' title="bbox 560 4144 2716 4242; baseline 0.003 -29"><span class='ocrx_word' id='word_1_190' title='bbox 560 4144 778 4214; x_wconf 90' lang='lat' dir='ltr'>tillum</span> <span class='ocrx_word' id='word_1_191' title='bbox 811 4167 906 4216; x_wconf 83' lang='lat' dir='ltr'>ex</span> <span class='ocrx_word' id='word_1_192' title='bbox 941 4150 1141 4222; x_wconf 86' lang='lat' dir='ltr'>solita</span> <span class='ocrx_word' id='word_1_193' title='bbox 1173 4151 1544 4224; x_wconf 88' lang='lat' dir='ltr'>dulcedine</span> <span class='ocrx_word' id='word_1_194' title='bbox 1587 4153 2017 4225; x_wconf 77' lang='lat' dir='ltr'>remisisset?</span> <span class='ocrx_word' id='word_1_195' title='bbox 2050 4154 2189 4225; x_wconf 90' lang='lat' dir='ltr'>Sed</span> <span class='ocrx_word' id='word_1_196' title='bbox 2221 4175 2310 4223; x_wconf 87' lang='lat' dir='ltr'>an</span> <span class='ocrx_word' id='word_1_197' title='bbox 2343 4146 2716 4242; x_wconf 82' lang='lat' dir='ltr'>ignorabas</span> 
     </span>
     <span class='ocr_line' id='line_1_28' title="bbox 561 4268 2719 4371; baseline 0.004 -35"><span class='ocrx_word' id='word_1_198' title='bbox 561 4268 727 4339; x_wconf 88' lang='lat' dir='ltr'>nulli</span> <span class='ocrx_word' id='word_1_199' title='bbox 761 4278 1077 4371; x_wconf 79' lang='lat' dir='ltr'>natorum</span> <span class='ocrx_word' id='word_1_200' title='bbox 1112 4282 1346 4365; x_wconf 85' lang='lat' dir='ltr'>patres</span> <span class='ocrx_word' id='word_1_201' title='bbox 1390 4297 1551 4348; x_wconf 90' lang='lat' dir='ltr'>esse</span> <span class='ocrx_word' id='word_1_202' title='bbox 1596 4275 1937 4362; x_wconf 76' lang='lat' dir='ltr'>mitioreS,</span> <span class='ocrx_word' id='word_1_203' title='bbox 1983 4299 2190 4367; x_wconf 88' lang='lat' dir='ltr'>quam</span> <span class='ocrx_word' id='word_1_204' title='bbox 2231 4274 2295 4346; x_wconf 90' lang='lat' dir='ltr'>ei</span> <span class='ocrx_word' id='word_1_205' title='bbox 2339 4294 2551 4366; x_wconf 92' lang='lat' dir='ltr'>quem</span> <span class='ocrx_word' id='word_1_206' title='bbox 2604 4293 2719 4344; x_wconf 86' lang='lat' dir='ltr'>se-</span> 
     </span>
    </p>
   </div>
  </div>
 </body>
</html>
