3104 4805
587 378 666 441 40
1255 395 1337 443 DE
1380 396 1582 443 asans
1628 396 2066 447 mutuamus

1414 622 1782 730 EPISTOLA
1818 667 1904 730 111.

774 850 1153 900 FRANCISCUS
1191 851 1527 901 PETRARCA
1563 854 1828 902 IOHANNI
1864 854 2178 905 COLUMNA:
2217 856 2556 908 CARDINALI

1541 958 1595 1005 S.
1624 958 1679 1006 P.
1719 960 1777 1007 D.

921 1112 1140 1167 Gallicae
1169 1111 1622 1182 peregrinationis
1648 1114 1939 1167 enarratiO.
1969 1113 2184 1168 Laudes
2213 1114 2399 1169 Italiae.

1264 1200 1484 1255 Fabella
1512 1202 1581 1255 de
1610 1201 1803 1258 Carolo
1836 1204 2052 1275 Magno,

780 1409 1032 1480 Gallias
1067 1428 1200 1498 ego
1239 1428 1480 1501 nuper,
1519 1411 1707 1481 nullo
1740 1409 2020 1503 quidem
2057 1410 2331 1501 negotio
2368 1405 2468 1504 (ut
2501 1410 2725 1503 nosti),

588 1534 716 1606 sed
755 1530 1029 1602 visendi
1070 1540 1336 1601 tantum
1380 1531 1638 1617 studio,
1665 1558 1670 1565 ·
1693 1542 1763 1601 et
1811 1532 2094 1603 iuvenili
2146 1533 2442 1625 quodam
2482 1532 2732 1602 ardore

586 1655 988 1750 peragravi:
1029 1654 1468 1725 Germaniam
1509 1654 1787 1725 tandem
1829 1654 2191 1747 Rhenique
2259 1654 2444 1747 ripas
2495 1653 2682 1745 attigi
2711 1709 2726 1736 ,

587 1778 1085 1870 contemplatus
1123 1760 1408 1848 sollicite
1448 1798 1679 1847 mores
1714 1776 2099 1862 hominum,
2154 1788 2224 1849 et
2273 1789 2560 1872 aspectu
2607 1779 2734 1847 tel-

587 1901 756 1971 luris
786 1900 1154 1992 incognitae
1185 1901 1595 1985 delectatuS,
1625 1922 1705 1971 ac
1730 1899 2004 1991 singula
2028 1922 2186 1971 cum
2212 1900 2471 1972 nostris
2506 1902 2735 1972 confe-

588 2046 779 2094 rens:
832 2034 902 2095 et
950 2024 1108 2095 licet
1146 2026 1363 2095 multa
1411 2023 1780 2117 utrobique
1831 2022 2198 2117 magnifica
2245 2024 2570 2109 viderim,
2625 2046 2735 2095 me

588 2158 820 2218 tamen
852 2148 1104 2219 Italicae
1151 2146 1438 2236 originis
1473 2169 1611 2217 non
1654 2149 1970 2240 poenitet3
2013 2149 2150 2221 imo
2205 2149 2304 2245 (ut
2343 2170 2588 2218 verum
2636 2151 2738 2217 fa-

588 2269 757 2365 tear)
794 2293 932 2362 quo
966 2268 1169 2340 latius
1206 2267 1630 2361 peregrinor,
1669 2290 1754 2341 eo
1789 2271 2008 2341 maior
2041 2271 2191 2343 Itali
2233 2272 2360 2343 soli
2394 2269 2578 2342 subit
2613 2270 2736 2341 ad—

590 2393 880 2466 miratio.
909 2392 1109 2479 Quod
1146 2391 1205 2463 si
1241 2390 1499 2482 gratias
1535 2391 1789 2484 agebat
1818 2395 2009 2465 Plato
2032 2393 2178 2466 Diis
2211 2393 2313 2489 (ut
2336 2394 2555 2466 verbo
2581 2392 2732 2465 eius

585 2516 764 2610 utar)
801 2513 1320 2601 immortalibus,
1365 2514 1544 2586 inter
1585 2519 1825 2602 multa,
1863 2518 2052 2609 quod
2083 2518 2405 2588 Graecum
2439 2539 2628 2602 eum,
2668 2528 2738 2587 et

585 2659 723 2708 non
775 2636 1236 2727 alienigenam
1277 2636 1695 2720 edidissent3
1738 2638 1906 2730 quid
1946 2660 2073 2709 nos
2116 2638 2435 2730 prohibet
2467 2662 2592 2730 pro
2619 2661 2734 2710 eo-

586 2759 747 2830 dem
798 2779 1075 2849 quoque
1126 2758 1384 2849 gratias
1436 2781 1676 2850 agere,
1731 2771 2066 2852 ortusque
2107 2759 2323 2829 nostri
2357 2761 2578 2826 Deum
2612 2779 2737 2827 au-

588 2892 846 2953 ctorem
873 2885 1417 2972 recognoscere?
1442 2881 1578 2952 nisi
1603 2883 1776 2952 forte
1808 2878 2104 2951 nobilius
2132 2889 2242 2950 est
2264 2879 2585 2949 Graecum
2612 2900 2735 2949 na—

590 3004 712 3087 sci,
751 3025 959 3094 quam
1000 3004 1335 3075 Italicum:
1386 3003 1576 3096 quod
1617 3002 1677 3072 si
1717 3002 1877 3095 quis
1912 3001 2193 3087 dixerit,
2232 3000 2414 3073 dicat
2446 3000 2630 3072 idem
2665 3011 2735 3071 et

590 3146 875 3196 servum
917 3147 1079 3198 esse
1118 3126 1522 3198 nobiliorem
1566 3148 1771 3219 quam
1824 3124 2200 3197 dominum.
2243 3120 2452 3216 Atqui
2501 3124 2732 3194 nullus

589 3247 721 3319 hoc
750 3249 1110 3320 Graeculus
1145 3250 1652 3341 quantumlibet
1674 3273 1932 3343 procax
1960 3247 2468 3342 impudensque
2501 3246 2734 3319 dicere

591 3369 897 3456 audebit,
924 3370 1090 3442 dum
1126 3369 1516 3441 meminerit
1546 3370 1667 3442 diu
1693 3381 1855 3443 ante
1883 3370 2141 3441 Urbem
2168 3369 2545 3453 conditam,
2576 3379 2738 3440 ante

591 3505 862 3589 partum
903 3502 975 3563 et
1011 3503 1287 3564 auctum
1327 3492 1702 3566 virtutibus
1744 3494 2134 3589 imperium,
2181 3493 2485 3587 denique
2525 3505 2684 3564 ante

907 3671 1210 3737 Romanos
1240 3690 1454 3737 rerum
1488 3676 1765 3740 dominos
1799 3684 2164 3755 gentemque
2196 3682 2490 3754 togatam,

597 3873 733 3921 non
773 3854 1058 3940 ltaliam,
1101 3858 1228 3928 sed
1261 3868 1578 3950 quartam
1613 3857 1826 3928 ltaliae
1859 3868 2122 3951 partem
2158 3880 2243 3931 eo
2279 3869 2586 3951 tempore
2618 3857 2740 3927 de-

599 3981 853 4041 sertam
895 3985 966 4044 et
1013 4000 1330 4065 vacuam,
1397 3979 1660 4050 Graecis
1725 3979 2228 4053 habitatoribus
2293 3999 2690 4074 possessam
2717 4033 2732 4061 ,

598 4094 1057 4188 Magnamque
1094 4102 1434 4175 Graeciam
1460 4114 1943 4197 nuncupatam.
1982 4107 2156 4189 Quae
2182 4105 2364 4176 enim
2395 4113 2554 4174 tunc
2592 4125 2739 4173 ma-
2868 4113 2880 4122 '

600 4237 737 4307 gna
777 4216 930 4289 visa
963 4230 1101 4304 est,
1140 4247 1347 4314 quam
1383 4225 1711 4310 maxima,
1754 4249 1960 4318 quam
1996 4226 2334 4298 immensa
2367 4225 2590 4297 videri
2617 4249 2738 4319 po—
