3104 4805
941 357 1126 406 LIBER
1168 357 1615 405 SECUNDUS.—
1641 358 1946 406 Emsrom
1992 360 2052 407 11.
2507 351 2577 409 87

425 507 496 576 in
526 499 964 596 opinionibus
1005 522 1144 569 non
1184 498 1257 569 in
1298 499 1509 570 rebus
1552 522 1743 572 esse:
1786 502 1996 595 inque
2049 505 2159 575 his
2211 507 2581 598 gignendis
2675 490 2682 499 ³

423 621 781 697 alendisve
853 620 1432 693 consuetudinem
1507 643 1715 713 posse
1782 625 2385 717 quamplurimum.
2465 632 2584 700 llla

426 747 655 817 virum
695 754 1297 836 quem-amaverat
1334 743 1794 837 consumpsit:
1837 756 1938 831 tu,
1985 746 2044 815 si
2086 769 2295 839 quam
2328 772 2423 821 ex
2459 775 2585 823 no-

428 868 590 939 stris
626 866 1034 938 mulieribus
1085 865 1267 938 idem
1320 866 1679 939 facientem
1735 866 2027 955 videris,
2083 868 2574 963 obstupesceS,

430 1000 501 1061 et
558 987 1065 1060 abominatione
1123 987 1494 1079 spectaculi
1560 989 1797 1058 oculos
1849 999 2145 1060 avertes.
2203 989 2353 1062 Fiat
2401 992 2583 1063 idem

433 1109 548 1181 ubi
583 1109 732 1180 fieri
760 1106 1034 1179 solitum
1069 1116 1210 1191 est,
1250 1129 1378 1177 nec
1414 1107 1838 1193 humanitaS‚
1877 1131 2005 1180 nec
2036 1109 2335 1202 insignis
2361 1135 2583 1200 amor,

435 1231 557 1302 sed
596 1233 885 1322 vulgare
924 1228 1340 1321 obsequium
1381 1229 1667 1300 dicetur.
1720 1230 1873 1302 Non
1921 1243 2186 1325 oportet
2227 1236 2590 1327 peregrina

434 1340 866 1447 conquirere:
895 1352 1275 1425 maioribus
1303 1352 1563 1424 nostris
1599 1353 1668 1423 in
1696 1354 1827 1425 hac
1861 1355 2013 1448 ipsa
2048 1356 2240 1429 Italia
2263 1382 2415 1431 mos
2441 1362 2591 1432 fue-

438 1487 539 1548 rat
575 1500 858 1549 suorum
900 1496 1192 1568 corpora
1224 1473 1521 1546 flammis
1574 1497 1900 1558 exurere3
1923 1540 1928 1545 .
1954 1500 2159 1569 quem
2213 1502 2470 1551 morem
2521 1492 2592 1552 et

437 1598 877 1670 historiarum
915 1598 1113 1681 fides,
1151 1608 1221 1670 et
1252 1619 1481 1689 usque
1515 1598 1607 1669 ad
1640 1609 1947 1670 nostram
1983 1610 2259 1672 aetatem
2288 1603 2589 1677 inventae

439 1720 572 1791 sub
614 1731 796 1792 terra
836 1743 1032 1791 urnae
1073 1743 1231 1791 cum
1275 1719 1626 1790 cineribus
1671 1730 2028 1791 testantur.
2072 1722 2311 1815 Neque
2363 1735 2591 1798 tamen

440 1865 524 1914 ea
562 1852 961 1935 pervetusta
997 1842 1428 1914 consuetudo
1468 1852 1598 1913 est.
1641 1838 1819 1913 Ante
1848 1843 2065 1927 enim,
2113 1855 2190 1915 ut
2221 1869 2427 1931 nunc,
2469 1849 2589 1920 toti

441 1964 930 2049 humabantur,
973 1963 1192 2035 donec
1230 1963 1303 2035 id
1343 1962 1629 2035 remedii
1695 1985 1943 2055 genus,
1991 1963 2381 2057 inexplebili
2432 1967 2592 2039 odio

441 2085 774 2157 bellorum
799 2083 1104 2155 civilium
1132 2085 1201 2153 in
1229 2084 1599 2177 sepulchra
1615 2083 1823 2156 etiam
1853 2084 2205 2170 saeviente,
2223 2088 2594 2158 commenti

442 2214 636 2287 sunt;
681 2227 898 2298 seque
930 2228 1061 2300 ope
1093 2206 1526 2278 flammarum
1562 2206 1795 2278 hostili
1827 2205 2125 2277 ludibrio
2161 2206 2592 2281 subduxere.

442 2328 678 2420 Itaque
717 2328 1102 2421 ScipioneS,
1132 2340 1209 2399 ut
1234 2327 1352 2423 qui
1393 2329 1639 2401 merito
1682 2350 1757 2400 se
1791 2326 2187 2420 reipublicae
2226 2349 2425 2401 caros
2462 2330 2598 2401 sci-

443 2460 614 2534 rent,
649 2471 892 2521 omnes
920 2450 1170 2542 integri
1196 2451 1495 2533 iacuere3
1540 2475 1669 2523 nec
1718 2451 1998 2522 omnino
2048 2452 2231 2521 ullus
2281 2451 2352 2521 in
2392 2465 2598 2543 gente

444 2573 762 2645 Cornelia
819 2584 1018 2644 ustus
1076 2584 1208 2657 est,
1271 2584 1432 2645 ante
1493 2574 1784 2645 Lucium
1849 2575 2108 2669 Syllam
2170 2573 2595 2646 dictatorem.

446 2698 512 2766 ls
553 2695 817 2789 primus
857 2694 1189 2779 omnium,
1231 2707 1473 2766 contra
1515 2695 1793 2766 familiae
1829 2717 1980 2767 suae
2022 2716 2310 2779 morem,
2352 2697 2599 2765 multo-

445 2841 597 2889 rum
624 2818 757 2890 sibi
781 2818 1106 2891 conscius
1139 2817 1489 2902 odiorum,
1518 2839 1773 2910 corpus
1801 2817 2093 2888 cremari
2122 2839 2327 2887 suum
2352 2815 2596 2900 voluit,

442 2941 843 3013 nominatim
883 2942 1148 3014 veritus
1195 2939 1305 3034 (ut
1343 2940 1609 3034 ferunt)
1665 2962 1752 3010 ne
1803 2940 1873 3008 in
1918 2962 1994 3010 se
2044 2938 2352 3009 Mariana
2400 2936 2602 3008 factio

445 3074 598 3154 post
622 3063 887 3135 obitum
914 3063 1224 3147 auderet,
1253 3063 1443 3155 quod
1478 3062 1629 3154 ipse
1653 3082 1872 3134 ausus
1901 3060 2147 3132 fuisset
2181 3059 2251 3130 in
2284 3057 2600 3129 Marium.

444 3184 676 3255 Valuit
714 3186 1141 3278 exemplum:
1186 3184 1543 3276 secutique
1587 3195 1750 3255 sunt
1798 3185 2080 3265 factum,
2136 3180 2391 3273 quibus
2443 3181 2602 3251 facti

447 3305 625 3375 ratio
702 3309 890 3377 nulla
922 3317 1090 3377 erat.
1138 3306 1275 3376 Sed
1315 3317 1681 3398 postquam
1720 3303 2076 3376 cremandi
2102 3326 2254 3374 mos
2298 3303 2599 3382 invaluit,

451 3425 743 3517 usuique
794 3449 921 3497 sua
958 3449 1117 3499 esse
1167 3426 1374 3520 coepit
1424 3428 1832 3511 auctoritaS‚
1891 3436 2036 3496 tum
2087 3425 2365 3495 demum
2419 3421 2607 3514 quod

450 3547 828 3619 remedium
871 3551 1119 3634 fuerat,
1165 3549 1379 3621 decus
1422 3550 1574 3631 fuit,
1618 3558 1804 3617 etex
1844 3547 1955 3616 illo
1991 3544 2321 3636 probrum
2357 3542 2604 3631 ingens

449 3667 702 3752 visum,
745 3670 1091 3762 supremis
1133 3670 1416 3763 ignibus
1452 3668 1790 3740 caruisse.
1827 3666 2001 3737 Hinc
2041 3664 2320 3735 laudata
2353 3662 2604 3754 pietaS,

452 3806 633 3876 quae‚
662 3792 975 3880 pauculis
1000 3792 1207 3882 lignis
1243 3789 1545 3862 collectis
1582 3790 1651 3859 in
1686 3789 1885 3858 litore
1910 3785 2185 3867 NiliacO,
2217 3792 2605 3853 truncatum

453 3907 659 3999 impie
698 3910 929 4002 Magni
968 3913 1273 4005 Pompeii
1307 3933 1560 4005 corpus
1602 3932 1938 3993 cremare,
1983 3929 2123 3977 non
2167 3917 2302 3977 tam
2344 3907 2602 4000 potuit,

449 4051 659 4122 quam
702 4032 940 4104 voluit.
998 4034 1167 4105 Inde
1209 4034 1338 4104 sibi
1385 4044 1661 4125 partum
1701 4052 1974 4103 nomen.
2030 4029 2203 4114 Quis
2252 4030 2436 4099 enim
2480 4029 2611 4100 Co-

449 4151 651 4224 drum
693 4153 881 4227 hunc
921 4166 1184 4238 nosset,
1230 4155 1364 4227 nisi
1407 4153 1713 4247 Pompeii
1755 4151 2087 4225 membris
2131 4155 2389 4225 faculas
2441 4152 2611 4221 infe-
