3104 4805
583 351 699 413 306
1251 364 1333 411 ns
1376 360 1577 412 annus
1594 363 2063 419 ,FAuiniAmnus

582 527 658 589 ut
698 513 1025 607 Virgilius
1067 514 1182 585 ait.
1226 514 1367 584 Vos
1409 513 1692 608 quidem
1731 513 2010 587 divitias
2053 516 2231 586 male
2255 525 2494 607 partas
2538 516 2732 588 iusti-

580 638 832 711 ficasse
896 636 1256 722 videmini,
1319 637 1378 709 si
1436 638 1699 732 praedae
1758 638 2291 731 rapinarumque
2338 649 2730 712 vestrarum

579 782 955 856 pauperem
1023 759 1372 832 Christum
1431 759 1681 853 cogitis
1745 782 1907 832 esse
1958 760 2383 853 participem,
2453 772 2525 834 et
2562 784 2733 834 auro

578 885 915 958 obsidetis
940 885 1255 956 invitum.
1285 885 1433 956 Non
1476 884 1590 956 hic
1628 885 1942 977 placandi
1971 885 2273 957 numinis
2307 886 2581 958 modus.
2623 885 2733 957 An

578 1031 717 1081 non
742 1008 1010 1101 legistis
1052 1003 1239 1101 apud
1288 1009 1649 1093 Senecam,
1706 1010 1887 1079 Deos
1939 1018 2103 1079 tunc
2130 1008 2459 1101 propitios
2514 1007 2732 1080 fuisse

575 1154 736 1204 cum
795 1131 1047 1211 fictiles
1113 1133 1437 1203 suerunt?
1492 1131 1705 1224 Atqui
1746 1135 1929 1204 Deos
1997 1122 2353 1225 nunquam
2397 1132 2729 1225 propitios

575 1257 811 1340 fuisse,
841 1279 970 1328 nec
993 1278 1156 1329 esse
1181 1257 1510 1350 potuisse,
1531 1266 1795 1328 certum
1820 1268 1951 1328 est.
1972 1257 2336 1342 Quomodo
2359 1257 2541 1327 enim
2570 1278 2730 1348 pro-

575 1381 786 1473 pitius
825 1380 978 1452 aliis
1016 1401 1179 1452 esse
1222 1389 1479 1473 potest,
1509 1380 1631 1474 qui
1672 1380 2109 1452 miserrimus
2151 1390 2262 1452 est
2287 1378 2460 1451 sibi?
2499 1379 2731 1450 Placet

574 1504 786 1595 igitur
825 1523 964 1573 non
1006 1503 1158 1575 haec
1209 1504 1495 1575 Senecae
1548 1502 1916 1587 sententia,
1974 1502 2103 1575 sed
2141 1502 2383 1588 verba,
2428 1522 2589 1595 quae
2628 1502 2733 1572 se-

575 1626 787 1698 liciori
827 1625 1137 1697 materiae
1178 1626 1333 1706 licet
1357 1627 1686 1698 inserere.
1729 1626 2042 1697 Profecto
2087 1625 2407 1698 Christus
2453 1646 2731 1718 semper

573 1749 908 1843 propitius
974 1751 1278 1821 humano
1338 1748 1613 1841 generi,
1685 1749 1813 1820 sed
1889 1760 2051 1821 tunc
2123 1748 2537 1840 praesentior
2605 1748 2732 1819 suit

573 1895 733 1946 cum
774 1872 999 1945 fictilis
1049 1873 1202 1945 fuit.
1251 1873 1447 1944 Nunc
1497 1894 1755 1945 aureus
1780 1882 1991 1964 atque
2030 1882 2445 1964 gemmatus,
2496 1871 2733 1943 irasci·

579 2010 717 2084 tur,
771 2009 841 2069 et
887 2020 1133 2091 preces
1183 2010 1459 2069 nostras
1501 1996 1885 2069 iustissima
1922 1994 2393 2087 indignatione
2429 2017 2567 2068 non
2607 2018 2727 2067 au-

574 2121 697 2194 dit.
748 2122 897 2192 Non
932 2144 1179 2193 aurum
1231 2120 1375 2193 odit
1433 2122 1573 2206 ille,
1632 2118 1754 2191 sed
1793 2118 2116 2212 cupidos3
2158 2117 2416 2212 quibus
2449 2117 2729 2214 optandi

575 2233 1071 2338 quaerendique
1090 2245 1317 2316 nullus
1336 2253 1446 2316 est
1473 2243 1654 2314 finis.
1669 2243 1881 2314 Primi
1907 2241 2285 2327 hominum,
2301 2241 2489 2336 quod
2513 2252 2726 2326 erant,

576 2378 809 2464 aperte
835 2364 1346 2460 profitebantur,
1376 2366 1789 2460 quaerebant
1826 2364 2108 2439 divitias
2136 2376 2213 2438 ut
2261 2364 2729 2462 abundarent;

576 2513 704 2562 vos
741 2489 1051 2582 quaeritis
1078 2496 1156 2560 ut
1179 2489 1440 2561 ornetis
1469 2488 1851 2559 Christum:
1887 2488 2075 2583 pium
2119 2509 2320 2581 opus,
2380 2488 2439 2559 si
2494 2489 2730 2582 spoliis

577 2612 685 2682 ille
727 2609 1136 2681 miserorum
1186 2622 1255 2681 et
1318 2632 1456 2681 non
1506 2609 1736 2704 potius
1779 2609 2159 2681 virtutibus
2225 2632 2305 2682 ac
2358 2610 2731 2682 devotione

578 2730 881 2803 fidelium
925 2732 1136 2802 vellet
1172 2732 1429 2813 ornari3
1458 2742 1528 2802 et
1571 2731 1629 2800 si
1661 2753 1801 2802 non
1831 2728 2084 2801 fictioni
2119 2731 2350 2802 iuncta
2389 2731 2728 2825 cupiditas

575 2854 878 2927 odiosior
942 2857 1088 2925 Deo
1143 2863 1357 2926 esset.
1410 2852 1889 2925 Animadverti
1955 2852 2118 2923 olim
2161 2854 2296 2923 tale
2353 2851 2615 2943 aliquid
2656 2855 2724 2923 in

574 2975 999 3071 principibus
1048 2976 1488 3070 dominisque
1538 2986 1904 3059 terrarum,
1956 2973 2077 3066 qui
2125 2972 2314 3046 omni
2365 2971 2595 3043 studio
2644 2973 2725 3041 li-

576 3099 740 3173 bros
780 3111 1126 3193 quaerunt,
1170 3111 1440 3195 petunt,
1487 3099 1788 3196 rapiunt,
1834 3107 2259 3181 mercantur;
2302 3095 2727 3169 nonlittera-

578 3247 732 3296 rum
790 3246 1042 3307 amore,
1084 3246 1263 3317 quas
1326 3223 1680 3316 ignorant,
1728 3222 1854 3295 sed
1912 3220 2205 3293 avaritia
2246 3218 2535 3303 inducti;
2601 3241 2729 3292 nec

577 3346 817 3431 animi,
862 3346 987 3418 sed
1028 3345 1307 3418 thalami
1348 3352 1745 3438 quaerentes
1779 3352 2130 3426 ornatum3
2164 3363 2295 3413 nec
2346 3338 2725 3425 scientiam,

580 3468 705 3541 sed
748 3490 1027 3553 nomen;
1070 3491 1298 3562 neque
1347 3467 1683 3540 librorum
1737 3463 2147 3549 sententias,
2194 3463 2320 3537 sed
2360 3463 2579 3558 pretia
2616 3484 2732 3534 co-

580 3591 901 3683 gitantes.
952 3593 1212 3665 Verum
1239 3592 1350 3663 his
1376 3592 1678 3663 colorata
1725 3587 2105 3673 excusatio,
2158 3587 2316 3658 licet
2347 3587 2537 3672 falsa,
2593 3608 2729 3657 non

578 3715 820 3788 deerit.
854 3716 1099 3790 Dicent
1126 3716 1310 3788 enim
1353 3714 1663 3786 sobolem
1699 3734 1778 3784 se
1816 3734 1898 3784 ac
1935 3721 2250 3804 posteros
2288 3711 2622 3804 cogitare,
2659 3720 2732 3781 et

581 3836 799 3908 verbo
837 3835 1117 3929 quidem
1153 3835 1460 3908 nondum
1503 3834 1711 3919 natiS,
1754 3843 1873 3905 aut
1910 3831 2098 3925 quod
2137 3831 2305 3904 vitae
2343 3853 2566 3924 genus
2608 3832 2732 3903 eli-

582 3968 751 4047 gant
807 3980 1096 4052 prorsus
1155 3957 1467 4043 incertis,
1530 3977 1701 4027 vere
1759 3964 1991 4027 autem
2055 3954 2368 4028 avaritiae
2432 3955 2730 4048 propriae

580 4087 789 4169 atque
829 4079 1234 4170 ignorantiae
1283 4078 1695 4151 bibliotheca
1744 4077 2159 4170 congeritur.
2211 4076 2431 4149 Vobis
2479 4097 2729 4166 conge-

584 4196 956 4270 rendarum
982 4223 1187 4293 opum
1215 4205 1373 4295 quis
1398 4214 1508 4275 est
1529 4204 1764 4273 color‘?
1790 4199 2317 4294 Respondebitis
2337 4211 2444 4274 :ut
2469 4199 2723 4271 Christi
