3104 4805
942 401 1128 450 unna
1174 401 1886 451 TERTms.-EPJSTOLA
1932 403 2060 451 xm.
2465 392 2582 452 169

429 545 746 617 trahebat
779 544 870 616 ad
905 565 1294 639 vesperam.
1340 544 1709 637 Reliquum
1746 567 2031 617 somnus
2067 545 2381 632 habebat,
2417 571 2580 640 pur-

426 670 660 765 pureis
686 669 1068 741 accersitus
1105 667 1366 739 stratis:
1403 667 1592 761 quod
1622 668 1962 740 conviviis
1997 670 2429 763 luxuriaeque
2464 692 2584 741 su—

422 797 794 888 perfuerat,
840 791 1054 886 quieti
1096 792 1356 865 datum.
1401 779 1827 885 Conquisitae
1873 792 2057 864 intus
2093 795 2347 885 epulae3
2390 818 2583 888 pere-

422 917 642 1010 grinae
683 916 950 1012 species
987 913 1315 986 odorum:
1350 914 1667 986 Bacchus
1704 915 2111 1007 alienigena,
2148 937 2321 989 vasa
2346 940 2576 1004 aurea,

423 1051 771 1132 gemmata
835 1040 1110 1132 pocula,
1169 1037 1389 1109 serico
1455 1036 1758 1108 vestitus
1820 1037 2086 1132 paries,
2138 1050 2328 1110 ostro
2378 1042 2580 1114 tellus

425 1164 743 1246 instrata;
788 1162 943 1233 haec
991 1162 1184 1246 inter,
1235 1160 1502 1233 solicita
1554 1183 1830 1255 semper
1869 1162 2303 1236 familiarium
2347 1165 2577 1252 turba,

420 1284 821 1357 discurrens
864 1285 1030 1355 locis
1058 1283 1411 1368 omnibuS,
1445 1282 1707 1355 aderat.
1745 1285 1945 1355 Nulla
1978 1284 2229 1357 domus
2262 1308 2426 1380 pars
2460 1309 2583 1359 ne-

422 1410 665 1498 glecta,
708 1409 940 1478 nullus
982 1409 1284 1498 angulus
1328 1406 1752 1478 inaccessus.
1798 1408 1971 1479 Cum
2010 1409 2313 1480 verritur
2357 1413 2579 1482 solum

421 1530 676 1624 scopis,
715 1529 884 1602 dum
918 1530 1005 1601 de
1040 1530 1375 1624 laqueatis
1412 1530 1730 1602 trabibus
1768 1531 1999 1623 pulvis
2035 1533 2415 1619 excutitur,
2454 1535 2580 1606 vix

421 1674 644 1745 usque
684 1652 952 1724 artificii
993 1652 1130 1723 mei
1189 1654 1365 1723 telas
1419 1653 1701 1724 sinebar
1753 1652 1998 1725 ordiri:
2065 1664 2137 1725 et
2205 1654 2367 1757 (quo
2408 1655 2578 1727 nihil

421 1787 530 1847 est
570 1777 859 1871 tristius)
906 1776 965 1848 si
1007 1775 1405 1870 coepissem‚
1449 1778 1673 1871 primo
1715 1798 1952 1847 rerum
1988 1789 2342 1871 apparatu,
2383 1800 2578 1871 spem

419 1904 747 1975 caducam
800 1911 872 1972 et
910 1899 1180 1973 labores
1224 1922 1420 1971 meos
1462 1898 1694 1970 irritos
1737 1899 2082 1972 videbam.
2151 1899 2433 1992 Agebar
2465 1900 2579 1998 {in-

421 2025 603 2110 felix,
622 2045 932 2119 praeceps
946 2022 1296 2095 eiiciebar:
1323 2021 1725 2117 quaerebam
1755 2022 2058 2094 latebras
2079 2048 2093 2105 ;
2122 2024 2331 2094 nullae
2357 2034 2573 2095 erant:

421 2146 683 2219 solidus
737 2147 941 2218 niveo
994 2167 1235 2218 murus
1284 2168 1378 2217 ex
1429 2168 1773 2217 marmore
1838 2147 2027 2216 nulla
2084 2146 2253 2216 mihi
2302 2145 2578 2218 miserae

416 2268 804 2341 diversoria
838 2268 1290 2363 relinquebat.
1325 2267 1500 2359 F'ugi
1537 2267 1748 2359 igitur
1781 2290 1823 2338 a
1846 2268 2018 2340 facie
2054 2270 2572 2364 persequentiS,

417 2390 650 2465 ubivis
683 2393 993 2486 quietum
1032 2391 1324 2464 exilium
1366 2391 1789 2477 domesticis,
1832 2390 1981 2462 sine
2018 2389 2170 2478 fine,
2217 2393 2575 2467 laboribus

419 2516 809 2607 praelatura.
869 2543 901 2579 2·
959 2517 1127 2586 Haec
1177 2538 1338 2586 cum
1391 2516 1504 2586 illa
1545 2514 1877 2597 dixisset,
1924 2515 2284 2608 respondit
2324 2518 2571 2588 altera:

301 2710 302 2713 ,
425 2666 455 2701 ιι
505 2637 703 2708 Eheu
743 2660 950 2730 quam
994 2640 1210 2709 multa
1252 2649 1414 2709 sunt
1456 2638 1667 2725 bona,
1707 2660 1867 2732 quae
1905 2641 2018 2710 vel
2051 2638 2426 2712 nesciendo
2460 2642 2574 2711 vel

417 2759 835 2851 negligendo
876 2759 1293 2852 perduntur!
1341 2761 1765 2851 Ignorantia,
1808 2761 2089 2833 caecitas
2133 2762 2383 2832 mentis
2434 2772 2573 2844 est;

416 2883 852 2976 negligentia,
897 2895 1131 2978 torpor
1165 2893 1278 2955 est
1316 2883 1548 2955 animi.
1586 2882 1877 2979 Aperire
1909 2886 2145 2956 oculos
2182 2894 2466 2979 oportet,
2504 2896 2575 2957 et

415 3030 574 3103 quae
617 3007 950 3080 salutaria
994 3028 1152 3079 sese
1195 3006 1490 3079 offerunt
1527 3028 1671 3079 non
1713 3008 2010 3079 differre.
2048 3008 2227 3079 Ecce
2263 3030 2448 3080 nunc
2478 3030 2574 3079 ex

414 3131 525 3203 his
562 3151 724 3223 quae
767 3128 942 3213 dixi,
997 3150 1302 3224 quaeque
1353 3130 1585 3216 audie,
1641 3154 1800 3202 cum
1855 3130 2159 3223 pessime
2203 3130 2294 3202 sit
2325 3129 2527 3201 nobis
2553 3185 2569 3213 ,

416 3253 545 3323 erit
593 3251 879 3345 optime,
938 3251 997 3322 si
1047 3264 1525 3347 permutemus
1580 3252 1900 3348 hospitia.
1946 3255 2134 3325 Tuus
2193 3252 2394 3338 mihi,
2451 3250 2572 3322 tibi

416 3397 614 3446 meus
679 3375 937 3468 hospes
1004 3375 1409 3468 aptissimus
1472 3376 1701 3448 fuerit.
1754 3404 1783 3440 n
1832 3377 2097 3449 Placuit
2159 3375 2523 3448 consilium
2555 3400 2569 3443 :

416 3508 683 3570 mutant
720 3496 990 3583 domOS,
1034 3509 1105 3570 et
1135 3521 1229 3571 ex
1264 3499 1381 3569 illo
1421 3498 1740 3584 obtinuit,
1780 3510 1857 3572 ut
1888 3498 2204 3590 Podagra
2238 3499 2415 3568 inter
2448 3495 2573 3567 de-

415 3619 604 3692 licias
644 3630 714 3691 et
755 3621 824 3691 in
858 3621 1132 3713 palatiis
1168 3621 1487 3706 divitum,
1527 3620 1801 3692 Aranea
1836 3621 1906 3691 in
1943 3622 2265 3713 squalore
2299 3630 2371 3690 et
2401 3638 2571 3712 pau-

416 3763 661 3835 perum
693 3744 991 3835 tuguriis
1020 3741 1382 3815 babitaret.
1401 3785 1490 3795 —
1508 3745 1805 3814 Domum
1833 3752 2046 3827 tuam,
2077 3742 2319 3826 amice,
2348 3739 2572 3812 Poda-

416 3886 612 3956 gram
659 3865 1089 3938 subintrasse
1115 3867 1343 3940 audio.
1386 3865 1636 3937 Miror!
1685 3887 1823 3938 non
1856 3865 2187 3960 putabam
2217 3865 2309 3935 illi
2345 3868 2567 3937 locum

415 4010 576 4060 esse
618 3989 687 4059 in
728 3991 938 4062 domo
974 3999 1112 4062 tam
1150 3989 1408 4062 sobria:
1444 4010 1837 4084 vereorque
1869 4010 1958 4059 ne
1991 3987 2158 4081 quid
2192 3986 2285 4057 ibi
2321 3988 2430 4059 sui
2466 3988 2571 4058 iu-

413 4109 511 4180 ris
551 4110 916 4184 invenerit.
970 4113 1172 4198 Quod
1215 4113 1274 4184 si
1315 4134 1561 4185 verum
1614 4122 1751 4196 est,
1806 4134 1945 4183 non
1998 4111 2256 4182 malum
2297 4112 2522 4203 magis
2549 4167 2564 4194 ‚

416 4255 620 4326 quam
666 4236 827 4308 mali
869 4257 1151 4308 causam
1192 4234 1460 4308 horreo.
1504 4237 1685 4309 Malo
1719 4236 1879 4323 iam,
1921 4233 2264 4330 hospitem
2307 4234 2567 4305 habeas
