3104 4805
503 363 623 426 200
1179 377 1259 425 nr:
1303 377 1503 426 Rsssus
1545 376 1986 425 rAmmAmnus

502 542 692 591 mum
732 520 823 591 ad
857 517 1099 590 altiora
1135 517 1619 602 subveherem‚
1657 519 1889 589 visum
1923 529 2032 588 est
2064 517 2232 588 mihi
2267 518 2657 589 Confessio-

503 663 668 712 num
707 638 1075 732 Augustini
1119 640 1399 725 librum,
1436 641 1792 712 charitatis
1825 651 1962 711 tuae
1988 663 2263 725 munus,
2294 641 2652 735 inspicere,

502 788 709 858 quem
759 775 831 835 et
877 762 1251 836 conditoris
1301 774 1371 834 et
1417 764 1775 836 donatoris
1824 764 1895 834 in
1945 764 2348 835 memoriam
2415 787 2652 848 serve,

500 887 864 979 habeoque
927 908 1201 980 semper
1266 889 1336 958 in
1402 885 1743 957 manibus.
1833 887 2178 978 Pugillare
2244 889 2654 980 opusculum

499 1011 860 1107 perexigui
924 1011 1323 1096 voluminis,
1396 1012 1520 1083 sed
1587 1009 1873 1081 infinitae
1937 1011 2323 1082 dulcedinis
2391 1010 2650 1104 aperi0‚

500 1139 799 1207 lecturus
843 1133 1179 1229 quidquid
1227 1146 1641 1206 occurreret.
1694 1134 1878 1219 Quid
1923 1133 2108 1204 enim
2159 1134 2294 1205 nisi
2344 1134 2535 1226 pium
2586 1144 2657 1204 et

498 1259 830 1330 devotum
869 1266 1109 1350 posset
1148 1279 1514 1329 occurrere
1538 1257 1574 1326 ἶ)
1613 1259 1818 1329 Forte
1860 1267 2089 1329 autem
2124 1257 2433 1329 decimus
2468 1255 2653 1325 illius

499 1382 727 1475 operis
769 1380 941 1451 liber
974 1379 1247 1451 oblatus
1284 1393 1411 1451 est.
1449 1382 1708 1467 Frater,
1748 1390 2130 1477 expectans
2165 1404 2288 1475 per
2313 1402 2391 1452 os
2418 1400 2652 1449 meum

498 1503 589 1575 ab
627 1501 1021 1594 Augustino
1088 1502 1346 1596 aliquid
1412 1504 1673 1588 audire,
1732 1505 2011 1575 intentis
2064 1503 2348 1575 auribus
2401 1501 2651 1572 stabat.

497 1629 714 1698 Deum
759 1635 1000 1710 testor,
1045 1625 1412 1720 ipsumque
1464 1628 1584 1720 qui
1634 1628 1895 1712 aderat,
1949 1626 2138 1719 quod
2189 1626 2306 1697 ubi
2356 1625 2652 1718 primum

496 1745 713 1819 defixi
752 1751 989 1819 oculos
1034 1749 1365 1841 scriptum
1415 1758 1607 1821 erat:
1658 1749 1750 1819 Et
1798 1760 1954 1818 eunt
2002 1751 2295 1818 homines
2335 1746 2660 1817 admirari

496 1871 634 1938 alta
656 1873 1005 1954 montium,
1035 1883 1095 1940 et
1120 1873 1421 1962 inqentes
1442 1872 1675 1965 fluctus
1708 1873 1939 1954 maris,
1970 1883 2031 1940 et
2059 1873 2401 1941 latissimos
2436 1873 2658 1963 lapsus

491 1991 871 2083 fluminum,
914 2004 976 2063 et
1009 1998 1241 2064 oceani
1278 1998 1623 2078 ambitum,
1667 2007 1726 2064 et
1765 2017 1961 2087 qyros
2010 1992 2315 2078 siderum,
2359 2004 2419 2061 et
2450 1995 2656 2063 relin-

495 2126 705 2208 quunt
749 2139 817 2186 se
865 2117 1056 2209 ipsos.
1128 2119 1500 2214 Obstupui,
1557 2121 1801 2204 fateor,
1857 2119 2321 2211 audiendique
2370 2118 2653 2188 avidum

495 2239 778 2309 fratrem
815 2261 1069 2330 rogans
1111 2262 1197 2310 ne
1239 2240 1405 2310 mihi
1449 2243 1785 2313 molestus
1835 2253 2048 2324 esset,
2104 2240 2350 2310 librum
2401 2237 2649 2322 clausi,

497 2362 714 2434 iratus
756 2362 1066 2453 mihimet
1104 2363 1293 2456 quod
1329 2385 1508 2434 nunc
1542 2364 1749 2436 etiam
1787 2364 2141 2435 terrestria
2177 2363 2496 2450 mirarer,
2534 2361 2654 2454 qui

496 2485 901 2581 iampridem
938 2485 1028 2557 ab
1062 2486 1233 2577 ipsis
1267 2487 1573 2578 gentium
1603 2486 2028 2580 philosophis
2063 2487 2335 2558 discere
2370 2484 2654 2559 debuis-

500 2632 679 2694 sem,
725 2609 895 2678 nihil
960 2619 1212 2701 praeter
1277 2607 1582 2679 animum
1637 2632 1798 2680 esse
1848 2609 2184 2694 mirabile,
2238 2609 2350 2680 cui
2403 2628 2653 2699 magno

496 2732 665 2802 nihil
689 2741 798 2803 est
823 2753 1176 2821 magnum.
1215 2732 1403 2803 Tunc
1435 2754 1607 2802 vero
1644 2741 1947 2802 montem
1985 2731 2154 2801 satis
2193 2730 2456 2801 vidisse
2489 2753 2653 2801 con-

497 2864 745 2934 tentus,
789 2852 859 2920 in
899 2873 1008 2921 me
1050 2852 1279 2945 ipsum
1321 2852 1685 2923 interiores
1721 2853 1957 2922 oculos
2001 2852 2276 2932 reflexi3
2314 2861 2502 2920 etex
2536 2827 2651 2920 illa

497 2976 667 3044 hora
707 2992 844 3041 non
885 2972 1012 3042 fuit
1051 2974 1170 3065 qui
1212 2997 1324 3045 me
1365 2978 1760 3067 loquentem
1803 2973 2095 3056 audiret,
2134 2972 2355 3042 donec
2388 2972 2477 3042 ad
2511 2970 2648 3040 mai

496 3092 961 3186 pervenimus.
1005 3095 1185 3166 Satis
1227 3097 1397 3166 mihi
1438 3097 1693 3188 negotii
1737 3095 2028 3166 verbum
2081 3095 2246 3166 illud
2297 3096 2642 3178 attulerat,

495 3239 628 3288 nec
659 3216 923 3311 opinari
956 3227 1272 3309 poteram
1297 3218 1367 3289 id
1398 3218 1677 3290 fortuito
1708 3219 2116 3312 contigisse3
2154 3219 2279 3291 sed
2313 3217 2648 3312 quidquid

497 3339 592 3411 ibi
632 3343 935 3433 legeram
977 3341 1144 3411 mihi
1184 3351 1256 3412 et
1295 3364 1432 3414 non
1483 3344 1679 3415 alteri
1730 3345 1988 3416 dictum
2041 3343 2288 3428 rebar;
2338 3346 2650 3415 recolens

498 3464 687 3559 quod
713 3462 890 3535 idem
922 3464 1011 3535 de
1039 3486 1116 3535 se
1150 3465 1303 3559 ipso
1340 3468 1734 3562 suspicatus
1770 3468 1929 3539 olim
1965 3476 2159 3539 esset
2190 3466 2648 3559 AugustinuS,

497 3587 778 3681 quando
828 3586 895 3656 in
947 3588 1235 3660 lectione
1287 3590 1558 3662 Codicis
1625 3589 2030 3683 Apostolici‚
2085 3600 2164 3663 ut
2210 3590 2361 3685 ipse
2413 3594 2647 3675 refert,

496 3713 798 3805 primum
852 3711 980 3783 sibi
1030 3712 1197 3784 illud
1246 3714 1589 3785 occurrit:
1650 3715 1806 3784 Non
1854 3717 1925 3783 in
1968 3716 2537 3785 comessationibus
2594 3721 2654 3781 et

498 3835 908 3904 ebrietatibus
936 3860 957 3917 ,·
999 3858 1135 3905 non
1170 3838 1242 3904 in
1279 3839 1597 3908 cubilibus
1626 3850 1688 3907 et
1722 3836 2150 3931 impudicitiis
2163 3863 2184 3919 ,·
2219 3860 2355 3907 non
2390 3839 2463 3906 in
2498 3858 2655 3906 con-

500 3958 786 4026 tentione
819 3967 881 4025 et
912 3961 1352 4042 (emulatione,
1389 3958 1501 4029 sed
1530 3958 1784 4030 induite
1818 3962 2176 4030 Dominum
2198 3960 2425 4030 Jesum
2464 3955 2652 4027 Chri-

498 4089 695 4161 stum,
739 4090 801 4148 et
840 4084 1059 4151 carnis
1089 4082 1580 4175 providentiam
1621 4108 1706 4154 ne
1742 4087 2021 4175 feceritis
2069 4087 2143 4153 in
2196 4082 2650 4173 concupiscen-

502 4199 608 4267 tiis
671 4203 917 4270 vestris.
962 4203 1166 4287 Quod
1214 4205 1346 4275 iam
1401 4215 1561 4277 ante
1602 4206 1900 4278 Antonio
1939 4206 2303 4289 acciderat,
2347 4200 2643 4295 quando,
