3104 4805
1120 401 1645 453 PROLEGOMENON.
2310 406 2436 455 xvii

791 544 896 599 fuit
913 543 1101 599 Abatis
1111 544 1367 601 Canonici
1384 546 1598 615 Veneti,
1627 544 1832 617 quique
1859 546 2098 601 continet
2116 546 2323 604 litteras
2338 549 2435 603 6⁸¹¹·

792 641 848 688 et
894 635 985 688 7⁸⁸·
1024 634 1139 689 Lib.
1172 635 1253 704 11,
1290 643 1345 690 et
1379 638 1459 691 lit.
1498 638 1592 691 3⁸¹²
1626 635 1747 690 Lib.
1787 636 1936 690 XVII
1981 639 2066 693 De
2107 639 2225 692 reb.
2267 641 2436 709 sam„

790 723 1026 795 primam
1053 740 1241 778 earum
1269 743 1390 796 quae
1420 724 1560 781 Sine
1587 728 1752 781 titulo
1781 726 2028 795 audiunt,
2057 732 2112 781 et
2137 729 2431 783 nonnullas

794 828 861 866 ex
896 811 1147 883 poeticis:
1190 814 1340 868 nulla
1375 814 1559 869 tamen
1596 819 1679 868 est
1714 830 1837 884 quae
1875 814 2119 869 nondum
2155 814 2214 869 in
2258 817 2437 869 lucem

797 901 1081 973 prodierit.

455 1076 759 1139 Ditissima
787 1089 863 1137 ex
896 1076 1003 1137 hac
1036 1073 1328 1138 Codicum
1360 1084 1559 1154 segete
1589 1077 1834 1139 cuinam
1867 1093 1988 1140 non
2030 1077 2308 1141 videatur
2342 1078 2437 1142 Fr.

297 1178 595 1244 Petrarcae
629 1197 783 1259 opus
815 1180 1131 1260 epistolare
1159 1180 1317 1243 facili
1344 1181 1617 1260 potuisse
1648 1181 1888 1259 negotio
1920 1183 1981 1244 in
2012 1182 2317 1261 integrum
2347 1200 2438 1245 re·

300 1285 519 1348 stitui‘!
570 1287 847 1348 Attamen
898 1284 1015 1347 tria
1056 1301 1209 1365 pene
1252 1287 1467 1349 saecula
1507 1287 1583 1349 ab
1625 1287 1836 1350 ultima
1878 1287 2136 1366 Crispini
2181 1286 2441 1351 editione
2527 1341 2544 1359 ,

300 1393 621 1462 effluxere,
688 1390 861 1469 quin,
925 1407 1048 1452 non
1108 1391 1303 1454 dicam
1367 1392 1605 1454 ineditis
1672 1392 1970 1455 Francisci
2037 1393 2305 1472 epistolis
2379 1394 2441 1456 in

303 1497 498 1559 lucem
541 1496 814 1572 edendis,
856 1497 961 1561 sed
1005 1495 1229 1559 iamdiu
1273 1497 1449 1560 editis
1496 1497 1558 1559 in
1602 1513 1736 1559 eam
1780 1496 2041 1561 formam
2083 1481 2463 1563 reducendis

302 1618 437 1679 quae
468 1602 611 1663 usui
644 1617 777 1663 esse
809 1608 1036 1682 posset,
1072 1618 1320 1681 operam
1351 1601 1573 1680 aliquis
1595 1603 1932 1665 navaverit.
1964 1603 2126 1666 Adeo
2152 1603 2317 1666 enim
2345 1620 2437 1666 er·

302 1706 546 1768 roribus
574 1706 1003 1784 perversisque
1040 1706 1395 1770 lectionibus
1438 1711 1662 1769 scatent
1704 1705 1994 1768 editiones
2034 1722 2245 1770 omnes
2288 1723 2439 1785 quas

304 1827 486 1888 supra
534 1810 887 1885 retulimus,
930 1827 1120 1889 eaque
1160 1812 1347 1873 oculis
1390 1811 1624 1890 ingrata
1676 1810 2091 1872 characterum
2138 1812 2333 1873 forma
2380 1816 2441 1871 et

309 1914 558 1976 obscura
609 1931 887 1977 nexuum
937 1915 1307 1979 admixtione
1351 1916 1666 1995 impressae
1717 1920 1882 1991 sunt,
1928 1920 1992 1977 ut
2034 1922 2093 1977 et
2134 1908 2461 1977 fastidium'

305 2034 539 2098 semper
569 2026 632 2082 et
665 2037 825 2099 saepe
861 2020 1326 2099 insuperabilem
1357 2019 1724 2099 intelligendi
1758 2020 2166 2082 difficultatem
2206 2019 2438 2083 lectori-

304 2122 421 2185 bus
448 2125 700 2202 pariant.
737 2124 855 2185 Nec
886 2125 1147 2203 protecto
1182 2125 1432 2188 defuere
1467 2125 1714 2188 omnino
1748 2125 1855 2203 qui
1899 2141 2052 2204 opus
2091 2125 2274 2188 hocce
2314 2141 2438 2187 me-

309 2230 651 2293 ditarentur.
695 2230 835 2293 Post
869 2246 1053 2309 quam
1082 2231 1249 2294 enim
1288 2230 1736 2293 eruditissimus
1778 2231 1875 2293 vir
1917 2230 2096 2293 Laur.
2138 2229 2441 2292 Mehusius

305 2334 367 2398 in
402 2336 521 2399 vita
551 2336 859 2400 Ambrosii
893 2332 1353 2401 camaldulensis
1372 2337 1777 2400 celebriorum
1800 2353 1875 2398 ex
1894 2336 2315 2416 suprascriptis
2336 2335 2443 2399 Co-

306 2443 532 2506 dicibus
564 2443 844 2506 notitiam
876 2443 941 2505 in
976 2444 1193 2521 vulgus
1227 2443 1440 2520 edidit,
1477 2449 1535 2505 et
1570 2442 1867 2505 rationem
1899 2443 2136 2522 aperuit
2169 2458 2307 2520 quae
2346 2442 2438 2503 lit-

306 2548 451 2609 teris
481 2547 774 2609 Petrarcae
806 2546 869 2609 in
903 2562 1125 2609 novam
1156 2547 1354 2609 lucem
1387 2547 1631 2608 edendis
1674 2546 1898 2625 optima
1941 2546 2056 2608 sibi
2098 2546 2438 2623 videretur,

306 2654 572 2716 nonnulli
605 2653 832 2732 quibus
874 2651 1119 2718 Codices
1161 2654 1293 2716 illos
1334 2653 1682 2717 consulendi
1720 2654 1953 2733 plenior
1996 2662 2126 2717 erat
2164 2654 2437 2728 facultas,

307 2761 367 2820 in
403 2759 462 2821 id
493 2757 770 2821 animum
802 2758 1111 2820 intendere
1146 2757 1265 2821 visi
1300 2765 1442 2820 sunt
1482 2765 1549 2820 ut
1591 2757 1731 2820 huic
1774 2759 2013 2821 tandem
2055 2759 2438 2822 eruditorum

304 2869 443 2926 voto
478 2862 623 2926 satis
653 2862 935 2926 iacerent.
968 2862 1181 2925 Infecta
1214 2869 1413 2925 tamen
1449 2879 1547 2925 res
1589 2863 1811 2926 mansit
1851 2879 2048 2942 usque
2089 2863 2164 2926 ad
2203 2868 2442 2925 aetatem

302 2970 451 3032 hanc
500 2975 801 3044 nostram,
847 2984 965 3047 qua
1003 2968 1264 3046 denique
1311 2968 1440 3031 visa
1481 2970 1556 3031 ad
1602 2968 1834 3030 exitum
1876 2983 2205 3046 properare
2256 2982 2442 3046 opera

302 3074 783 3137 clarissimorum
817 3073 1099 3136 virorum
1135 3074 1340 3152 Angeli
1375 3074 1697 3136 Fabbronii
1720 3080 1778 3135 et
1796 3073 1886 3136 Jo.
1908 3072 2184 3151 Baptistae
2203 3072 2444 3134 Baldelli

304 3179 553 3256 equitis,
599 3195 867 3256 quorum
898 3177 993 3240 hic
1026 3181 1175 3242 alter
1210 3178 1577 3241 ineditarum
1616 3179 1955 3242 litterarum
1998 3177 2444 3257 exemplaribus

312 3284 579 3362 undique
612 3283 727 3345 sibi
760 3284 1150 3364 comparatis,
1180 3299 1315 3346 eam
1338 3283 1453 3346 sibi
1482 3283 1907 3362 supellectilem
1941 3284 2339 3361 quaesiverat,
2373 3289 2442 3344 ut

312 3387 370 3449 in
421 3388 770 3450 doctissimo
824 3390 987 3467 quod
1037 3388 1222 3451 edidit
1272 3389 1708 3451 commentario
1763 3391 1836 3453 de
1888 3390 2014 3452 vita
2058 3395 2116 3451 et
2157 3387 2443 3468 operibus

306 3491 399 3556 Fr.
432 3492 731 3556 Petrarcae
762 3509 829 3556 se
859 3493 1169 3574 possidere
1200 3495 1511 3573 professus
1542 3495 1730 3556 fuerit
1768 3518 1791 3550 ι
1843 3495 1892 3556 il
1924 3495 2040 3572 pia
2080 3494 2442 3555 abbondante

307 3616 339 3658 e
362 3601 476 3676 piis
508 3600 752 3677 copioso
786 3599 1137 3677 epistolario
1167 3598 1272 3660 che
1293 3599 1468 3661 dilui
1490 3599 1548 3661 si
1575 3616 1827 3661 conosca
1851 3600 1919 3659 in
1942 3600 2207 3674 Europa.
2243 3618 2266 3651 ι
2299 3594 2441 3655 Fab-

312 3703 522 3766 bronio
571 3718 796 3765 verum
837 3719 870 3765 e
910 3703 1073 3766 vivis
1114 3704 1292 3779 elat0,
1340 3703 1594 3783 publicis
1636 3703 1738 3765 ille
1771 3702 2146 3781 privatisque
2186 3697 2443 3776 negotiis

308 3808 604 3871 distentus
655 3808 730 3871 ab
773 3807 1007 3887 incepto
1050 3808 1337 3871 desistere
1376 3815 1617 3871 coactus
1659 3813 1776 3883 est,
1820 3810 1878 3867 et
1921 3804 2154 3867 liberali
2192 3820 2444 3883 prorsus

310 3915 511 3977 animo
547 3915 824 3977 collectas
858 3913 984 3975 illas
1025 3913 1414 3992 epistolarum
1459 3913 1702 3978 divitias
1745 3909 2002 3974 Antonio
2046 3909 2289 4000 tradidit
2331 3908 2442 3971 Me·

307 4020 601 4097 neghellio
634 4020 951 4094 Paduano,
979 4018 1310 4082 multarum
1341 4021 1685 4084 litterarum
1712 4017 1882 4095 vir0,
1910 4019 2152 4097 iamque
2180 4017 2240 4079 in
2265 4017 2441 4078 Fran·

307 4126 447 4187 cisci
481 4125 773 4205 operibus
806 4123 912 4187 diu
946 4123 1377 4204 diligenterque
1411 4131 1683 4203 versato,
1720 4118 1826 4201 q'ui
1864 4129 2154 4204 exoptatae
2198 4121 2445 4185 editioni

314 4233 702 4306 procurandae
736 4228 945 4293 statim
982 4227 1353 4307 incumbens,
1392 4239 1458 4293 ut
1496 4231 1571 4294 de
1615 4228 1952 4306 integritate
1993 4226 2206 4291 edendi
2246 4223 2445 4305 operis

556 4350 588 4389 ι.
2113 4331 2140 4379 b
