3104 4805
800 386 981 432 unua
1027 384 1777 434 SEPT1MUS.—EP18TOLA
1830 389 1995 434 xviii.
2361 379 2476 437 402¹»

1116 647 1469 710 EPISTULA
1511 648 1694 710 xvlu.
1725 599 1736 611 ⁸

407 841 791 891 FRANCISCUS
835 837 1171 887 PETRARCA
1216 837 1656 886 LANClLLOTTO
1701 839 2100 887 PLACENTINO
2144 841 2194 887 S.
2240 843 2293 888 P.
2340 846 2397 889 Β.

1689 969 1708 1003 2

463 1031 649 1086 Multis
676 1046 735 1084 se
764 1028 912 1083 curis
941 1026 1224 1081 laborare:
1256 1027 1461 1082 amoris
1490 1032 1677 1082 autem
1705 1028 1863 1097 ignes
1892 1043 1996 1082 nec
2026 1043 2349 1082 sermonum

956 1131 1059 1168 nec
1087 1114 1397 1169 carminum
1428 1131 1531 1185 ope
1564 1116 1847 1184 restingui.

521 1373 841 1447 Haerebat
879 1373 1142 1442 calamo
1180 1370 1476 1441 dextera
1513 1371 1858 1443 scribendi
1909 1373 2146 1455 avida,
2203 1371 2328 1442 sed
2380 1372 2484 1441 in-

328 1507 516 1571 certa
565 1494 735 1588 quid
787 1492 1162 1565 scriberet:
1217 1501 1354 1563 tam
1408 1493 1646 1563 multis
1710 1503 1783 1562 et
1852 1502 1989 1563 tam
2056 1493 2272 1564 variis
2342 1515 2482 1562 uno

326 1638 539 1711 prope
579 1626 887 1707 tempore
929 1613 1186 1685 nuntiis
1228 1612 1579 1706 pulsabar.
1624 1612 2112 1706 Interpellabat
2160 1614 2319 1683 hinc
2372 1615 2485 1684 Ti-

328 1737 539 1821 beris,
585 1736 744 1807 hinc
786 1736 1044 1820 Arnus,
1096 1735 1256 1806 hinc
1315 1735 1719 1805 Rhodanus.
1774 1735 1891 1804 Ille
1942 1733 2109 1803 mihi
2161 1735 2479 1816 infeliciS‚

326 1871 397 1931 et
452 1860 543 1930 de
607 1880 720 1929 me
781 1858 1038 1949 optime
1096 1853 1366 1927 meritae
1428 1855 1624 1925 urbis
1693 1863 1978 1937 statum,
2040 1854 2176 1924 imo
2244 1853 2482 1924 verius

328 1979 630 2062 ruinam,
675 2001 884 2070 quam
929 1978 1078 2048 sine
1117 1977 1416 2047 lacrimis
1462 1976 1703 2047 audire
1753 1999 1888 2047 non
1941 1997 2258 2068 possum,
2303 1999 2480 2045 nun-

327 2100 642 2170 tiaverat.
687 2099 806 2168 Ille
855 2097 1314 2189 quorumdam
1368 2098 1885 2187 ingeniosorum
1942 2098 2482 2169 adolescentium

326 2223 651 2311 querelas
691 2220 781 2291 ad
823 2242 937 2290 me
976 2219 1261 2289 diverso
1301 2219 1581 2310 quidem
1634 2220 1819 2304 stilo,
1860 2220 1986 2291 sed
2035 2241 2168 2290 una
2204 2218 2479 2290 eadem-

325 2361 461 2432 que
512 2341 853 2412 sententia
919 2340 1420 2424 transmiserat,
1477 2339 1985 2432 indignantium
2036 2341 2483 2433 graviterque

330 2459 798 2543 tolerantium,
844 2461 1033 2551 quod
1074 2460 1205 2530 illic
1244 2470 1655 2551 expectatus
1697 2461 1834 2531 huc
1872 2460 2301 2543 diver-terim,
2356 2483 2484 2531 seu

325 2583 513 2673 quod
579 2583 670 2653 ita
735 2582 944 2653 natali
1013 2582 1163 2652 solo
1230 2580 1700 2651 habitaculum
1766 2582 1954 2653 istud
2015 2583 2478 2665 antetulerim,

329 2725 489 2793 quae
528 2703 775 2773 crebra
816 2704 1190 2773 multorum
1233 2702 1601 2773 admiratio
1640 2713 1770 2775 est.
1815 2705 1931 2773 Ille
1974 2711 2207 2774 autem
2257 2703 2482 2773 curia-

326 2825 492 2895 lium
534 2825 781 2895 litteris
824 2824 1200 2896 amicorum
1247 2824 1520 2896 silentio
1562 2846 1719 2895 meo
1752 2825 1819 2894 in
1857 2834 2046 2896 tanto
2078 2824 2480 2894 excellentis

325 2945 527 3016 amici
580 2922 845 3037 gemitu
902 2944 1113 3039 (quod
1164 2945 1233 3015 in
1286 2944 1667 3016 levioribus
1719 2944 1919 3013 malis
1971 2943 2253 3013 minime
2304 2945 2482 3013 sole-

324 3063 507 3149 bam,
552 3066 877 3158 quodque
931 3089 1068 3137 non
1106 3076 1241 3137 tam
1281 3065 1534 3138 iudicio
1587 3086 1798 3158 quam
1844 3076 2121 3157 stupore
2170 3063 2481 3134 cadentis

326 3185 817 3258 illustrissimae
843 3187 1144 3271 familiae,
1174 3208 1256 3258 ac
1281 3209 1578 3257 moerore
1607 3187 1902 3279 suscepi)
1932 3189 2159 3256 calcar
2186 3182 2477 3266 blandfe,

328 3306 453 3378 sed
518 3306 769 3377 validae
836 3306 1400 3399 reprehensionis
1466 3307 1878 3378 incusserat.
1945 3306 2261 3388 Quonam
2313 3325 2483 3393 ergo

326 3427 624 3519 primum
669 3434 982 3496 verterer
1006 3429 1041 3494 Ἰ
1080 3426 1408 3497 Romanis
1449 3427 1689 3498 amicis
1726 3427 2106 3509 miseratio,
2152 3426 2481 3496 Florenti-

327 3546 436 3615 nis
501 3547 889 3629 excusatio,
954 3546 1424 3637 Transalpinis
1483 3548 1864 3619 consolatio
1924 3546 2331 3619 debebatur.
2381 3548 2480 3617 .In

327 3663 457 3734 hoc
499 3664 705 3734 trivio
746 3664 1095 3735 haesitanti
1134 3676 1429 3756 quartus
1472 3689 1707 3737 rumor
1741 3677 2149 3738 accesserat.
2188 3666 2482 3749 Quidam

326 3793 397 3853 et
449 3784 722 3855 nomine
791 3784 958 3852 mihi
1010 3784 1284 3856 iunctus
1337 3796 1407 3856 et
1459 3788 1799 3877 sanguine
1856 3788 2217 3882 (quodque
2277 3810 2483 3880 super

329 3903 557 3973 omnia
608 3904 753 3997 est)
808 3915 878 3975 et
928 3926 1162 3976 amoro
1215 3916 1284 3976 et
1334 3906 1694 4000 obsequiis
1745 3909 1976 3981 animo
2027 3931 2183 3980 meo
2232 3910 2480 4003 proba-

331 4022 639 4095 tissimus
683 4036 893 4118 atque
933 4028 1370 4111 carissimus,
1426 4028 1593 4098 dum
1648 4051 1741 4099 ex
1791 4030 2025 4101 Galliis
2069 4031 2159 4102 ad
2200 4052 2336 4113 me,
2377 4031 2480 4101 vi-

330 4143 526 4214 sendi
577 4147 903 4240 cupidus,
941 4151 1304 4232 accelerat,
1345 4148 1586 4220 morbo
1624 4172 1747 4220 seu
1799 4149 2151 4223 laboribus
2204 4152 2475 4220 viarum
