3104 4805
573 536 670 612 IN
731 536 1060 615 LIBROS
1128 538 1241 614 DE
1303 539 1598 616 REBUS
1664 539 2316 617 FAMILIARIBUS

660 695 663 702 ’
1203 735 1686 803 PRAEFATm.

680 1255 1071 1306 FRANCISCUS
1115 1255 1453 1303 PETRARGA
1496 1254 1769 1303 SOCRATI
1810 1257 1929 1306 SUO
1973 1257 2024 1305 S.
2063 1259 2116 1307 P.
2155 1260 2213 1307 D.

353 1420 614 1489 Magnam
642 1420 974 1489 scriptorum
996 1434 1226 1472 suorum
1248 1425 1460 1489 partem
1488 1418 1728 1472 flammis
1749 1419 2181 1474 comburendam
2203 1420 2520 1475 tradidisse:

570 1508 761 1562 multis
786 1514 972 1562 tamen
992 1514 1047 1562 et
1065 1509 1372 1579 praesertim
1397 1508 1596 1561 litteris
1619 1507 1688 1561 ad
1715 1508 2013 1561 familiares
2042 1524 2172 1562 suos
2199 1513 2255 1561 et
2281 1509 2528 1579 epistolis

574 1597 797 1667 poeticis
832 1597 1169 1668 pepercisse:
1211 1597 1420 1666 hasque
1458 1597 1695 1651 Barbato
1732 1598 2118 1664 Sulmonensi,
2156 1598 2279 1651 illas
2317 1598 2528 1652 Socrati

576 1703 634 1737 se
671 1685 1076 1738 commendare.
1120 1685 1290 1738 Plura
1326 1685 1394 1738 de
1430 1686 1633 1739 harum
1671 1686 1981 1740 litterarum
2010 1673 2136 1740 stilo
2172 1692 2227 1740 et
2263 1686 2524 1754 artificio,

577 1778 631 1825 et
657 1771 724 1825 de
750 1773 873 1826 vitae
899 1789 1013 1827 suae
1042 1772 1527 1827 vicissitudinibus

560 1983 740 2066 Quid
790 2005 960 2054 vero
1026 2005 1210 2053 nunc
1280 1984 1591 2073 agimuS‚
1646 1985 1918 2052 frater?
1969 1984 2147 2051 Ecce
2196 1982 2333 2051 iam
2387 1985 2529 2054 sere

360 2102 595 2173 omnia
640 2104 1103 2188 tentavimus,
1147 2113 1218 2174 et
1259 2124 1608 2195 nusquam
1649 2104 1947 2195 requies.
2005 2103 2301 2186 Quando
2341 2105 2528 2173 illam

360 2234 819 2316 expectamus
847 2229 881 2294 ⁶?
924 2225 1050 2296 Ubi
1093 2247 1250 2296 eam
1293 2227 1678 2318 quaerimus
1706 2229 1741 2294 ‘2
1782 2226 2120 2316 Tempora
2166 2223 2267 2315 (ut
2307 2225 2523 2316 aiunt)

361 2345 543 2417 inter
581 2347 838 2438 digitos
877 2347 1319 2419 effluxerunt.
1351 2349 1522 2438 Spes
1551 2355 1814 2419 nostrae
1850 2354 2122 2417 veteres
2156 2367 2315 2416 cum
2358 2345 2529 2416 ami-

359 2471 466 2542 cis
512 2471 800 2560 sepultae
844 2477 1026 2538 sunt.
1063 2469 1470 2539 Millesimus
1507 2468 2031 2539 trecentesimus
2068 2467 2528 2560 quadragesi-

360 2610 530 2659 mus
580 2599 869 2659 octavus
922 2611 1148 2659 annus
1199 2598 1336 2674 est,
1392 2590 1513 2682 qui
1571 2612 1697 2661 nos
1762 2591 1947 2660 solos
2017 2597 2225 2680 atque
2289 2589 2528 2681 inopes

360 2708 541 2778 fecit.
585 2707 823 2799 Neque
860 2708 1044 2778 enim
1077 2728 1162 2777 ea
1196 2707 1396 2778 nobis
1427 2708 1715 2779 abstulit
1741 2729 1903 2800 quae
1932 2708 2101 2778 Indo
2131 2716 2252 2777 aut
2278 2708 2530 2798 Caspio

363 2828 828 2919 Carpathiove
869 2828 1047 2898 mari
1087 2830 1467 2898 restaurari
1509 2837 1789 2921 queant.
1835 2827 2324 2919 Irreparabiles
2368 2836 2532 2896 sunt

284 3028 291 3035 ,
372 2950 634 3021 ultimae
676 2951 1008 3031 iacturae3
1051 2961 1123 3022 et
1163 2952 1654 3044 quodcumque
1696 2972 1886 3021 mors
1929 2949 2173 3031 intulit,
2218 2948 2533 3018 immedi-

366 3075 587 3146 cabile
629 3076 888 3143 vulnus
928 3082 1057 3144 est.
1099 3074 1321 3145 Unum
1357 3076 1470 3144 es‘t
1512 3076 1850 3145 solamen:
1896 3092 2270 3163 sequemur
2293 3079 2365 3140 et
2396 3070 2530 3161 ipsi

364 3219 542 3289 quos
585 3195 1059 3288 praemisimus
1092 3222 1105 3264 :
1160 3216 1321 3287 quae
1365 3196 1648 3288 quidem
1686 3192 2082 3285 expectatio
2122 3215 2333 3285 quam
2375 3192 2532 3263 bre-

366 3318 479 3388 vis
528 3320 762 3388 futura
805 3317 896 3387 sit
934 3317 1188 3387 nescio.
1244 3318 1388 3387 Hoc
1440 3315 1628 3386 scio:
1681 3315 1868 3406 quod
1918 3316 2125 3404 longa
2184 3336 2344 3385 esse
2395 3337 2531 3384 non

366 3446 616 3529 potest.
660 3438 1309 3528 Quantulacumque
1352 3458 1520 3508 sane
1561 3446 1711 3521 est,
1756 3459 1894 3508 non
1936 3446 2164 3527 potest
2201 3456 2361 3505 esse
2396 3454 2533 3503 non

366 3559 680 3629 molesta.
725 3557 863 3627 Sed
912 3577 954 3625 a
1006 3557 1310 3649 querelis
1355 3559 1599 3627 saltem
1641 3558 1711 3626 in
1761 3557 2093 3647 principio
2145 3564 2534 3645 temperan-

365 3680 537 3749 dum
575 3687 704 3748 est.
751 3678 919 3761 Tibi,
963 3680 1198 3761 frater,
1244 3698 1571 3768 quaenam
1615 3677 1713 3747 tui
1754 3698 1924 3746 cura
1967 3676 2085 3758 sit,
2131 3674 2300 3765 quid
2340 3673 2427 3743 de
2469 3681 2535 3743 te

336 3802 524 3891 ,ipso
576 3800 837 3888 cogites
890 3800 1154 3889 ignoro.
1209 3800 1359 3889 Ego
1411 3799 1548 3870 iam
1607 3800 1994 3870 sarcinulas
2054 3817 2412 3887 compon0‚
2464 3804 2536 3865 et

371 3920 588 4013 (quod
654 3920 1019 4011 migraturi
1088 3919 1332 4014 solent)
1403 3922 1573 4012 quid
1637 3942 1907 3991 mecum
1961 3918 2265 3988 deferam
2293 3972 2308 3999 ,
2365 3914 2536 4007 quid

367 4042 547 4111 inter
587 4042 849 4114 amicos
891 4041 1198 4134 partiar,
1242 4042 1411 4133 quid
1451 4041 1734 4132 ignibus
1770 4040 2093 4111 mandem
2129 4035 2535 4126 circumspi-

365 4161 493 4233 cio.
538 4163 727 4233 Nihil
774 4163 958 4233 enim
1005 4164 1248 4233 venale
1288 4162 1457 4232 mihi
1496 4172 1625 4233 est.
1683 4164 1850 4231 Sum
1905 4182 2073 4232 sane
2124 4158 2329 4229 ditior
2384 4157 2532 4249 (seu
