3104 4805
565 357 683 421 362
1231 366 1313 413 ns.
1353 365 1557 414 nunus
1597 366 2040 416 annuutiamus

563 520 814 588 inculta
862 517 1197 587 hominum
1249 518 1390 586 vita
1452 537 1672 586 errore
1722 517 2018 597 mittam,-
2083 517 2427 609 longeque
2488 516 2712 607 magis

565 644 700 712 iam
748 641 948 712 doctis
997 641 1368 711 hominibus
1408 662 1487 710 ac
1529 641 1920 732 temporibus
1960 640 2116 733 ipsis
2155 636 2457 720 eruditis,
2503 660 2711 731 quam

564 776 772 840 aetate
843 765 1115 837 Romuli
1195 766 1486 835 fuerant.
1566 765 1668 835 De
1745 762 1947 834 cuius
2017 761 2379 833 divinitate
2452 760 2714 835 credita

566 890 804 961 Cicero
848 890 1139 981 loquens
1186 886 1282 958 ait
1339 887 1495 959 haec
1546 885 1617 958 in
1682 908 1812 958 sua
1878 864 2289 980 Republica,
2341 896 2415 958 et
2476 885 2717 979 Augu-

566 1011 790 1083 stinus
854 1011 1087 1083 retulit
1147 1010 1218 1081 in
1277 1031 1433 1095 sua,
1505 1019 1582 1081 ut
1643 1008 1732 1081 ad
1789 1009 2194 1102 finqendum,
2255 1012 2316 1080 si
2375 1021 2530 1079 tunc
2588 1013 2717 1080 via>

565 1133 916 1227 quidquam
958 1134 1069 1229 (ut
1117 1131 1299 1206 idem
1350 1132 1495 1227 ait),
1540 1156 1726 1204 nunc
1757 1133 2039 1204 omnino
2079 1134 2308 1204 minus
2342 1141 2533 1206 esset
2565 1134 2712 1205 loci.

566 1256 939 1348 Antiquitas
1000 1259 1216 1341 enim,
1284 1254 1529 1349 inquit,
1609 1260 1850 1350 recepit
1912 1258 2202 1348 fabulas,
2271 1259 2454 1349 fictas
2519 1262 2716 1329 etiam

568 1402 1045 1470 nonnunquam
1107 1377 1458 1449 incondite.
1527 1380 1686 1450 Hoec
1749 1391 1907 1451 aetas
1984 1383 2117 1450 iam
2183 1384 2476 1466 eaeculta,
2542 1404 2718 1476 proe-

565 1505 788 1573 sertim
851 1500 1147 1584 eludens,
1216 1524 1407 1572 omne
1471 1501 1644 1593 quod
1702 1504 1852 1594 fieri
1924 1527 2058 1574 non
2125 1515 2369 1597 potest,
2444 1506 2713 1597 respuit.

566 1627 740 1709 Quae
784 1625 870 1710 si,
928 1636 1001 1698 ut
1048 1625 1225 1709 dixi,
1268 1625 1358 1698 ad
1397 1627 1836 1698 colorandam
1877 1628 2116 1699 falsam
2158 1628 2429 1699 Romuli
2468 1627 2721 1699 divini-

569 1761 803 1833 tatem,
848 1771 1009 1842 quae
1048 1750 1239 1822 credi
1290 1749 1425 1821 iam
1477 1749 1765 1822 cultiore
1827 1760 2032 1821 aetate
2104 1752 2423 1844 potuerit,
2480 1751 2722 1822 Cicero·

569 1875 761 1944 velut
798 1895 936 1943 non
977 1895 1189 1966 parva
1230 1882 1643 1966 argumenta
1681 1874 2051 1966 conquirit,
2112 1875 2328 1946 Roma
2377 1875 2502 1945 vix
2551 1874 2719 1945 dum

569 1995 843 2068 condita
883 2004 955 2067 et
994 2020 1207 2068 unum
1247 2018 1286 2067 e
1331 2007 1594 2090 septem
1635 1996 1923 2068 collibus
1957 1998 2082 2068 vix
2108 1997 2484 2089 integrum,
2528 2020 2725 2069 eum-

570 2141 707 2212 que
739 2141 875 2190 non
910 2119 1109 2192 tectis
1142 2142 1481 2212 muroque
1514 2142 1933 2206 marmoree,
1975 2122 2102 2195 sed
2134 2122 2427 2194 dumoso
2460 2121 2722 2193 ambitu

571 2254 641 2315 et
701 2245 947 2315 culmis
1012 2243 1407 2334 agrestibus
1474 2253 1885 2339 occupante,
1941 2256 2150 2337 atque
2211 2245 2440 2317 adbuc
2490 2246 2725 2318 nescio

573 2366 744 2459 quid
808 2365 1187 2459 pastorium
1240 2365 1641 2449 redolente;
1683 2367 1851 2463 quid
1902 2367 1990 2439 de
2037 2378 2245 2440 aetate
2285 2368 2539 2472 Chris-ti
2591 2368 2725 2441 dici

573 2489 806 2572 debet,
877 2492 1091 2560 Roma
1155 2490 1364 2561 dante
1414 2490 1550 2560 iam
1603 2492 1754 2563 iura
1804 2492 2161 2584 gentibus,
2227 2492 2726 2588 imperantibus

573 2609 894 2700 Augusto
952 2610 1401 2702 Tiberioque;
1466 2633 1763 2704 quorum
1817 2614 1951 2686 sub
2013 2618 2231 2688 altero
2295 2627 2529 2700 natuS,
2594 2616 2731 2688 sub

575 2735 792 2804 altero
842 2731 1159 2802 Christus
1208 2742 1320 2802 est
1370 2736 1677 2825 passus?
1717 2735 1900 2805 Inter
1937 2737 2126 2826 quod
2170 2746 2444 2828 tempus
2483 2748 2556 2808 et
2593 2740 2729 2808 Ro-

576 2854 742 2924 muli
776 2863 1077 2938 aetatem,
1109 2854 1584 2939 incredibilior,
1625 2877 1835 2947 quam
1868 2878 1993 2948 pro
2031 2877 2323 2926 numero
2364 2878 2720 2942 annorum,

579 2999 806 3050 rerum
861 2977 1150 3049 mutatio
1195 2980 1372 3050 facta
1424 2986 1615 3061 erat3
1670 3001 1805 3050 non
1856 2979 2044 3072 quod
2096 2975 2398 3048 medium
2449 2987 2725 3068 tempus

577 3100 912 3193 exiguum
941 3099 1048 3185 sit,
1078 3100 1418 3193 siquidem
1443 3123 1539 3171 ex
1564 3123 1719 3194 quo,
1749 3110 2026 3194 propter
2051 3121 2246 3172 suam
2270 3099 2721 3180 insolentiam,

582 3246 623 3295 a
673 3224 925 3296 Senatu
990 3225 1297 3296 Romano
1333 3224 1423 3296 ad
1470 3224 1757 3320 Capreae
1805 3223 2126 3319 paludem
2178 3221 2571 3314 discerptus
2621 3228 2732 3290 est

582 3350 944 3432 RomuluS,
987 3370 1207 3441 usque
1237 3347 1422 3432 dum,
1463 3357 1740 3444 propter
1772 3356 2054 3442 peccata
2094 3353 2368 3429 nostra,
2406 3368 2447 3417 a
2482 3344 2735 3417 Iudaeis

586 3472 652 3541 in
708 3480 938 3544 monte
997 3473 1314 3544 Calvario
1360 3471 1740 3544 crucifixus
1778 3481 1889 3544 est
1926 3470 2271 3555 ChristuS,
2315 3472 2549 3562 paulO,
2604 3469 2734 3539 nisi

585 3596 805 3681 fallor,
859 3599 1016 3689 plus
1069 3596 1392 3668 minusve
1439 3595 2031 3690 septingentorum
2079 3616 2414 3666 annorum
2467 3602 2737 3686 tempus

585 3721 874 3792 effluxit.
917 3722 1254 3804 Quamvis
1319 3722 1502 3794 enim
1565 3722 1804 3794 Cicero
1856 3721 2086 3793 minus
2134 3720 2486 3792 sexcentis
2540 3719 2742 3789 dixe-

590 3840 701 3926 rit,
756 3865 891 3914 non
953 3843 1044 3915 ad
1112 3865 1306 3915 suam
1368 3844 1491 3928 ibi,
1548 3844 1679 3915 sed
1725 3843 1819 3913 ad
1882 3841 2181 3914 Africani
2219 3850 2290 3913 et
2328 3851 2739 3913 caeterorum

590 3967 905 4057 respexit
977 3976 1251 4040 aetatem
1280 4024 1295 4051 ,
1359 3988 1537 4061 quos
1606 3968 1675 4038 in
1740 3989 1826 4038 eo
1885 3967 2037 4061 ipso
2102 3966 2276 4037 libro
2345 3965 2743 4058 Reipublicae

590 4088 775 4179 loqui
839 4089 1019 4160 facit.
1087 4093 1176 4161 Et
1237 4099 1573 4184 praeterea
1628 4090 1808 4160 inter
1871 4089 2221 4161 Ciceronis
2280 4087 2540 4160 caedem
2607 4085 2743 4155 sub

594 4205 917 4289 Antonio,
986 4220 1058 4279 et
1120 4213 1370 4283 Christi
1439 4212 1832 4303 passionem
1903 4211 2036 4282 sub
2091 4209 2335 4292 Pilato,
2403 4218 2734 4302 quantum
