3104 4805
546 363 664 426 256
1218 376 1300 425 ns
1343 375 1546 427 annus
1588 375 2032 426 minuamus

546 544 671 595 nas
713 519 880 604 adii,
923 527 995 591 et
1033 518 1435 611 reginarum
1484 518 1776 590 consilio
1828 518 2126 588 interfui.
2179 517 2362 589 Proh
2437 517 2694 611 pudor!

544 641 749 738 quale
789 642 1215 714 monstrum!
1271 639 1561 713 Auferat
1608 638 1700 713 ab
1739 639 1972 712 Italico
2020 641 2196 713 coelo
2235 643 2424 713 Deus
2474 662 2705 732 genus

543 767 678 838 hoc
715 764 953 859 pestiS.
995 761 1335 835 Putabam
1387 762 1741 834 Christum
1792 760 1977 856 apud
2028 761 2404 857 Memphim
2461 773 2534 834 et
2569 764 2706 833 Ba-

542 887 865 982 bylonem
940 886 1383 979 Meccamque
1439 885 1808 956 contemni.
1879 886 2272 981 Compatior
2340 885 2479 970 tibi,
2547 907 2703 956 mea

542 1008 790 1081 nobilis
829 1010 1285 1101 Parthenope.
1351 1007 1533 1078 Vere
1587 1017 1661 1079 tu
1713 1008 1961 1079 harum
2014 1008 2345 1102 quaelibet
2392 1011 2573 1080 facta
2596 1030 2700 1080 es,

540 1134 743 1205 Nulla
779 1133 1021 1229 pietaS,
1065 1133 1255 1202 nulla
1293 1132 1578 1217 veritaS,
1626 1131 1814 1201 nulla
1855 1128 2056 1202 fides.
2101 1130 2535 1202 Horrendum
2578 1129 2701 1199 tri-

541 1278 669 1351 pes
718 1256 1001 1340 animal,
1056 1253 1262 1326 nudis
1311 1252 1643 1348 pedibuS,
1696 1264 1940 1347 operto
1991 1253 2241 1346 capite,
2294 1261 2699 1346 paupertate

543 1376 942 1472 superbum,
973 1376 1357 1448 marcidum
1383 1374 1643 1448 delitiis
1676 1376 1845 1449 vidi.
1876 1378 2379 1448 Homunculum
2412 1378 2695 1447 vulsum

540 1524 622 1573 ac
660 1498 1150 1584 rubicundum,
1204 1497 1441 1570 obesis
1481 1497 1835 1584 clunibuS,
1889 1498 2076 1594 inopi
2115 1498 2243 1570 vix
2283 1499 2487 1594 pallio
2535 1520 2702 1570 oon-

542 1632 816 1708 tectum,
853 1631 926 1694 et
956 1619 1213 1694 bonam
1245 1622 1558 1716 corporis
1594 1631 1863 1714 partem
1889 1622 1979 1694 de
2003 1621 2346 1694 industria
2379 1632 2701 1715 retegen-

541 1756 710 1831 tem,
755 1754 967 1839 atque
1007 1746 1078 1816 in
1118 1743 1252 1817 hoc
1291 1744 1536 1817 habitu
1578 1767 1718 1818 non
1767 1747 1992 1817 solum
2037 1755 2196 1817 tuos
2239 1745 2370 1817 sed
2408 1747 2701 1819 Romani

540 1891 818 1963 quoque
866 1867 1218 1943 Pontificis
1268 1869 1536 1955 affatuS,
1582 1870 1780 1941 velut
1823 1891 1918 1941 ex
1958 1870 2096 1940 alta
2136 1868 2521 1941 sanctitatis
2551 1890 2703 1941 suae

543 1996 840 2088 specula,
867 1991 1415 2065 insolentissime
1440 2001 2018 2065 contemnentem.
2045 1993 2187 2064 Nec
2210 1992 2504 2065 miratus
2522 2014 2700 2064 sum:

539 2115 917 2188 radicatam
952 2114 1022 2185 in
1055 2135 1228 2187 auro
1264 2115 1664 2211 superbiam
1702 2135 1939 2187 secum
1974 2118 2130 2186 fert.
2166 2116 2460 2187 Multum
2493 2116 2698 2198 enim,

540 2246 618 2308 ut
649 2239 957 2310 omnium
993 2238 1176 2308 fama
1207 2246 1332 2320 est,
1373 2258 1537 2308 arca
1569 2236 1723 2309 eius
1774 2247 1846 2310 et
1890 2248 2054 2330 toga
2108 2236 2554 2311 dissentiunt.
2601 2235 2704 2310 Ac

540 2381 630 2431 ne
679 2381 950 2432 sacrum
1002 2379 1254 2430 nomen
1304 2357 1612 2450 ignores,
1651 2360 1999 2433 Robertus
2047 2360 2321 2434 dicitur.
2372 2363 2447 2433 In
2494 2362 2675 2435 illius

537 2478 821 2551 Roberti
865 2478 1293 2551 serenissimi
1326 2502 1550 2575 nuper
1590 2482 1781 2572 regis
1817 2485 2061 2568 locum,
2101 2484 2290 2577 quod
2327 2507 2542 2555 unum
2577 2484 2701 2557 de-

536 2622 663 2672 cus
712 2600 939 2672 aetatis
989 2611 1251 2672 nostrae
1299 2604 1556 2687 fuerat,
1601 2613 1940 2676 aeternum
1991 2605 2303 2682 dedecus
2352 2606 2700 2680 Robertus

537 2721 669 2794 iste
720 2722 1048 2794 surrexit.
1103 2723 1246 2793 Iam
1300 2723 1530 2794 minus
1581 2723 1985 2796 incredibile
2034 2725 2296 2817 putabo
2352 2749 2395 2797 e
2444 2730 2700 2822 sepulti

538 2841 837 2915 hominis
903 2844 1205 2917 medulla
1262 2843 1457 2916 nasci
1520 2865 1732 2939 posse
1784 2855 2222 2938 serpentem;
2272 2847 2603 2938 quoniam
2655 2871 2700 2919 a

537 2966 903 3058 sepulchro
946 2967 1139 3058 regio
1171 2967 1363 3061 aspis
1402 2965 1555 3037 haec
1590 2967 1803 3039 surda
1837 2964 2173 3060 prosiluit.
2211 2965 2318 3035 Oh
2360 2986 2695 3057 superum

536 3086 796 3179 pudor!
853 3088 1188 3172 Quisnam
1234 3089 1486 3161 solium‘
1525 3100 1720 3161 tuum
1773 3088 2053 3173 invasit,
2111 3110 2354 3180 regum
2395 3086 2699 3180 optime?

537 3209 679 3282 Sed
719 3209 870 3282 haec
903 3213 1200 3284 fortunae
1241 3210 1419 3284 fides
1460 3222 1614 3295 est3
1651 3234 1765 3284 res
1808 3211 2153 3283 humanas
2189 3212 2401 3283 vertit
2439 3210 2703 3302 pariter

536 3342 609 3404 et
644 3334 918 3405 evertit.
962 3336 1114 3408 Non
1152 3337 1284 3407 fuit
1323 3335 1495 3408 satis
1546 3336 1810 3408 mundo
1852 3336 2069 3407 solem
2111 3333 2519 3421 abstulisse,
2566 3333 2736 3406 nisi³

537 3464 726 3528 atras
747 3457 1035 3553 insuper
1060 3457 1382 3531 tenebras
1406 3459 1774 3545 attulisset,
1788 3468 1859 3530 et
1870 3468 2114 3551 erepto
2129 3480 2297 3551 rege
2325 3459 2544 3542 unicO,
2563 3480 2703 3530 non

536 3582 709 3652 alter
740 3581 1050 3674 qualibet
1082 3581 1339 3654 virtute
1366 3581 1642 3652 inferior
1669 3581 2105 3665 succederet,
2137 3581 2268 3653 sed
2292 3581 2445 3652 haec
2495 3589 2702 3653 atrox

534 3714 606 3775 et
627 3703 915 3775 immitis
931 3703 1462 3776 bellua.Siccine
1483 3726 1613 3777 nos
1635 3703 1912 3798 aspicis,
1934 3713 2282 3776 astrorum
2303 3705 2701 3775 rector‘?Hic

538 3833 729 3897 tanto
768 3826 919 3917 regi
962 3847 1332 3899 successor
1370 3825 1710 3900 idoneus‘?
1741 3826 1892 3911 Hic,
1935 3835 2094 3919 post
2118 3826 2487 3923 Dionysios
2515 3825 2701 3916 Aga-

535 3945 974 4039 thoclemque
1009 3959 1081 4020 et
1117 3949 1585 4036 Phalaridem,
1630 3946 1896 4021 cunctis
1946 3947 2364 4032 obscoenior,
2404 3958 2476 4021 et
2521 3948 2697 4018 clam
2767 4018 2770 4019 γ

536 4065 715 4149 licet,
769 4065 1157 4155 immanior,
1202 4074 1340 4144 fato
1380 4072 1662 4145 debitus
1710 4069 2021 4143 restabat
2073 4072 2254 4142 aulae
2289 4069 2540 4141 Siculae
2595 4068 2698 4161 (ut

534 4185 863 4257 Macrobii
906 4190 1121 4263 verbo
1172 4191 1351 4286 utar)
1407 4193 2061 4267 inclementissimus
2109 4191 2515 4265 incubator?
2561 4189 2694 4273 Qui
