3104 4805
912 389 1097 437 mmm
1140 389 1480 439 secunnus.
1505 390 1913 440 —ssms'rom
1955 392 2017 439 ιι.
2478 381 2555 440 85

392 559 619 609 surus.
638 535 896 605 Verum
924 536 1057 606 ista
1081 558 1219 605 non
1247 536 1422 606 adeo
1449 545 1869 620 metuuntur,
1892 537 2217 628 quoniam
2247 559 2398 608 usu,
2415 539 2552 609 iam

392 655 789 749 quotidiana
814 666 996 726 sunt.
1022 655 1238 726 Vides
1281 655 1514 747 itaque
1557 654 1782 749 (quod
1826 676 2015 747 saepe
2055 656 2285 727 dicere
2333 661 2548 743 solen,

392 800 517 849 nec
542 799 699 847 mea
726 780 950 848 solum
976 786 1101 861 est,
1131 777 1257 847 sed
1284 775 1654 847 illustrium
1681 777 2248 870 philosophorum
2278 788 2556 849 senten-

394 898 534 993 tia),
573 899 913 992 quidquid
953 899 1023 968 in
1065 898 1195 969 hac
1235 898 1380 970 vita
1419 899 1722 991 patimur
1762 900 2064 985 molesti,
2113 923 2250 971 non
2287 911 2426 970 tam
2461 923 2555 971 ex

398 1022 546 1115 ipsa
570 1045 806 1092 rerum
832 1032 1108 1106 natura,
1140 1043 1349 1113 quam
1375 1042 1471 1091 ex
1497 1032 1758 1091 nostrae
1786 1021 2036 1092 mentis
2065 1020 2552 1107 imbecillitate,

400 1144 552 1214 sive
595 1143 708 1237 (ut
740 1166 981 1215 eorum
1024 1143 1230 1213 etiam
1274 1140 1510 1212 verbis
1568 1141 1752 1236 utar)
1807 1164 1900 1212 ex
1950 1143 2350 1234 opinionum
2401 1167 2560 1237 per-

398 1265 730 1336 versitate
769 1266 1166 1358 procedere.
1217 1264 1415 1336 Nova
1464 1262 1821 1350 timemuS,
1879 1263 2132 1337 usitata
2183 1268 2561 1337 contemni-

402 1410 579 1458 mus.
648 1389 811 1472 Cur,
881 1408 1157 1479 quaeso,
1213 1386 1349 1457 nisi
1398 1386 1562 1478 quia
1614 1387 1682 1457 in
1733 1390 1950 1458 altero
2008 1410 2208 1458 mens
2275 1390 2558 1460 inermis

402 1509 778 1601 improvisa
816 1531 1051 1579 rerum
1086 1507 1259 1579 facie
1295 1508 1636 1593 turbatur,
1669 1508 1739 1577 in
1769 1512 2001 1594 altero,
2037 1512 2380 1603 frequenti
2414 1533 2562 1581 me-

403 1631 760 1714 ditatione,
805 1630 1089 1701 rationis
1141 1633 1461 1726 clypeum
1503 1629 1833 1702 fabricata
1866 1643 2004 1715 est,
2042 1654 2253 1724 quem
2296 1632 2562 1725 asperi—

406 1752 663 1824 tatibus
705 1752 967 1823 cunctis
1019 1755 1434 1845 opponeret?
1485 1752 1781 1844 Respice
1830 1763 2196 1823 nautarum
2251 1775 2555 1838 morem,

409 1897 615 1967 quam
655 1894 860 1965 aequo
885 1874 1116 1944 animo
1141 1874 1518 1965 patiuntur,
1557 1896 1847 1965 corpora
1882 1896 2164 1944 suorum
2203 1874 2272 1943 in
2308 1874 2558 1945 fluctus

407 1994 687 2065 effundi.
731 1996 957 2065 Unum
995 1994 1086 2066 de
1125 1995 1360 2066 multis
1411 1999 1809 2088 exemplum
1861 1996 2127 2065 illustre
2177 2018 2314 2067 non
2369 1995 2560 2065 sileo.

409 2116 704 2187 Lambas
746 2115 836 2187 de
859 2115 1104 2200 Auria,
1134 2116 1244 2187 vir
1278 2117 1661 2189 acerrimus
1699 2128 1907 2210 atque
1940 2116 2387 2202 fortissimus,
2414 2117 2564 2187 dux
2657 2124 2662 2129 ’

408 2237 849 2309 Ianuensium
907 2237 1129 2308 fuisse
1178 2250 1500 2309 narratur
1548 2260 1635 2309 eo
1686 2239 2027 2310 maritimo
2078 2239 2314 2332 praelio
2378 2238 2566 2331 quod

408 2360 706 2454 primum
756 2383 915 2432 cum
953 2361 1243 2433 Venetis
1285 2360 1710 2448 habuerunt,
1755 2362 2060 2433 omnium
2106 2360 2561 2445 memorabili,

408 2503 570 2573 quae
610 2493 882 2575 patrum
921 2493 1318 2554 nostrorum
1364 2483 1787 2576 temporibus
1829 2493 2031 2576 gesta
2066 2493 2253 2554 sunt:
2291 2484 2412 2574 qui
2444 2484 2569 2553 ho-

416 2603 552 2674 stili
590 2607 814 2675 classe
860 2615 1232 2698 conspecta
1257 2661 1272 2689 ,
1326 2603 1445 2675 ubi
1497 2604 1853 2696 pugnandi
1901 2606 2144 2677 horam
2194 2604 2569 2676 advenisse

413 2727 764 2819 cognovit,
801 2750 1091 2798 numero
1142 2726 1304 2798 licet
1351 2726 1661 2813 inferior,
1717 2738 1948 2799 tamen
2003 2749 2169 2799 suos
2220 2750 2346 2820 pro
2398 2739 2572 2799 tem—

413 2870 577 2940 pore
640 2848 1010 2941 magnifice
1060 2872 1141 2920 ac
1190 2848 1497 2920 breviter
1564 2850 2015 2934 adhortatuS,
2081 2872 2361 2920 manum
2412 2873 2571 2919 cum

412 2968 612 3040 hoste
652 2970 1026 3042 conseruit.
1072 2972 1386 3066 Cumque
1426 2971 1497 3042 in
1531 2994 1617 3044 eo
1651 2993 2035 3063 congressu
2072 2969 2254 3041 filius
2293 2970 2386 3039 illi
2420 2968 2574 3040 uni*-

414 3111 567 3175 cus,
611 3090 1147 3164 florentissimus
1191 3094 1629 3179 adolescenS,
1675 3093 1796 3187 qui
1835 3103 2145 3184 paternae
2181 3091 2383 3162 navis
2416 3115 2576 3184 pro-

415 3232 562 3281 ram
585 3210 956 3297 obtinebat,
992 3213 1246 3305 sagitta
1272 3215 1617 3299 traiectuS,
1642 3215 1908 3308 primus
1936 3215 2244 3318 omnium
2272 3214 2576 3287 corruis-

418 3340 554 3414 set,
599 3353 680 3402 ac
711 3333 893 3405 circa
932 3334 1274 3406 iacentem
1303 3338 1526 3409 luctus
1563 3338 1957 3410 horrendus
1996 3337 2312 3409 sublatus
2349 3349 2571 3419 esset,

416 3452 712 3523 accurrit
770 3466 993 3546 pater,
1064 3468 1135 3527 et
1173 3458 1329 3527 Non
1373 3459 1702 3548 qemende',
1759 3461 2008 3552 inquit,
2063 3459 2177 3528 sed
2221 3454 2581 3550 puqnandi

417 3583 666 3666 tempus
694 3587 803 3645 est.
834 3576 1097 3649 Deinde
1122 3601 1377 3650 versus
1407 3579 1496 3649 ad
1530 3578 1767 3664 filium,
1809 3590 2177 3671 postquam
2206 3578 2277 3646 in
2303 3598 2388 3646 eo
2423 3577 2580 3644 nul-

415 3695 550 3764 lam
574 3694 743 3765 vitae
771 3717 964 3788 spem
995 3697 1214 3769 videt:
1256 3699 1351 3766 Tu
1378 3720 1566 3783 vera,
1599 3676 1849 3789 inquit,
1884 3700 2002 3791 fili,
2048 3719 2390 3789 nunquam
2439 3707 2573 3764 tam

413 3816 756 3905 pulchram
796 3819 1121 3889 habuisses
1158 3824 1591 3913 sepulturam,
1636 3822 1698 3889 si
1743 3818 2085 3913 defunctus
2137 3840 2298 3888 esses
2349 3821 2422 3888 in
2456 3842 2582 3911 pa-

417 3936 568 4004 tria.
612 3936 778 4008 Haec
820 3940 1091 4027 dicens,
1136 3953 1444 4014 armatus
1488 3952 1827 4015 armatum
1866 3952 2353 4034 tepentemque
2392 3963 2582 4012 com-

415 4057 681 4146 plexuS,
726 4060 1011 4149 proiecit
1048 4063 1118 4130 in
1161 4064 1427 4135 medios
1461 4064 1741 4148 fluctuS‚
1780 4064 1949 4157 ipsa,
1987 4075 2063 4134 ut
2097 4063 2264 4132 mihi
2298 4063 2576 4156 quidem

420 4178 717 4264 videtur,
756 4183 1146 4256 calamitate
1179 4186 1649 4272 felicissimus,
1691 4187 1801 4258 cui
1840 4189 2041 4258 talem
2085 4208 2325 4256 casum
2368 4184 2583 4256 conti-
