3104 4805
636 374 786 423 xvm
1441 372 1682 424 PROLEG
1690 372 1964 423 ouENoN.

633 512 859 575 certior
892 513 1092 587 fieret,
1129 511 1281 590 typis
1314 510 1635 575 Seminarii
1667 512 1937 575 Patavini
1972 527 2127 575 anno
2163 514 2316 576 1818
2347 514 2606 578 Indicem
2635 518 2765 580 vul·

636 617 799 695 gavit
831 617 1233 697 Epistularum
1266 616 1543 678 omnium
1577 633 1839 696 quarum
1873 618 1999 697 ipse
2034 619 2399 698 exemplaria
2441 622 2555 684 sibi
2587 622 2762 686 habe-

636 729 759 798 ret,
803 728 934 783 tum
977 721 1275 785 editarum
1321 728 1451 784 tum
1493 738 1630 800 quae
1672 722 1861 786 adhuc
1908 729 2104 785 essent
2156 722 2423 801 ineditae,
2471 726 2764 790 litteratos

637 843 848 890 omnes
892 828 1059 890 viros
1092 834 1157 890 et
1198 827 1538 908 praesertim
1572 828 1938 891 nobiliorum
1970 844 2077 908 per
2110 829 2415 908 Europam
2449 832 2762 896 Bibliothe-

636 947 848 995 carum
878 934 1193 1013 praefectos
1222 935 1609 1013 compellans»,
1646 942 1712 997 ut
1744 935 1796 997 si
1829 934 1977 1013 quid
2009 934 2170 996 aliud
2212 935 2345 998 eius
2388 939 2628 1014 generis
2660 940 2761 1001 ali·

635 1040 775 1104 cubi
809 1045 1187 1102 asservatum
1214 1038 1290 1101 iis
1315 1039 1732 1115 innotesceret,
1766 1038 1882 1119 ipsi
1906 1039 1967 1101 in
1992 1045 2323 1119 praeparata
2349 1039 2608 1104 editione
2635 1042 2762 1104 vul·

635 1147 899 1225 gaudum
918 1138 1473 1209 communicarent.¹
1493 1144 1682 1206 Morte
1702 1150 1900 1206 tamen
1920 1150 2288 1224 praeventus,
2308 1161 2459 1224 opus
2479 1146 2765 1210 iniectum

638 1257 699 1313 et
731 1252 857 1330 ipse
887 1250 1304 1328 Menegbellius
1337 1250 1609 1329 reliquit,
1643 1256 1898 1329 aptaque
1931 1249 2053 1313 iam
2087 1252 2255 1331 prelo
2290 1253 2591 1332 suppellex
2632 1254 2767 1315 eius

640 1355 713 1417 de
745 1371 866 1416 uno
901 1354 963 1416 in
995 1354 1183 1415 alium
1216 1354 1455 1416 tandem
1489 1355 1550 1415 in
1591 1353 1919 1434 Josephum
1957 1353 2199 1417 Vedova
2241 1356 2592 1420 Paduanum
2632 1374 2764 1438 per·

634 1461 831 1535 venit,
856 1459 984 1538 ·qui
1025 1464 1472 1539 programmate
1526 1459 1587 1522 in
1641 1461 1864 1538 vulgus
1915 1459 2075 1522 edito
2128 1460 2241 1523 sub
2293 1459 2390 1525 die
2442 1462 2520 1524 15
2570 1461 2765 1525 Martii

637 1566 778 1628 anni
812 1566 967 1627 1853
1001 1566 1124 1628 iam
1159 1565 1280 1627 iam
1312 1580 1529 1626 manus
1574 1564 1744 1644 operi
1788 1564 2108 1629 videbatur
2146 1567 2533 1642 admoturuS‚
2574 1567 2767 1647 perfe-

634 1671 933 1749 cissetque
965 1670 1232 1750 profecto
1264 1670 1384 1733 nisi
1418 1669 1657 1749 inopina
1690 1671 1904 1734 fuisset
1935 1672 2062 1751 ipse
2094 1687 2338 1751 quoque
2376 1679 2578 1735 morte
2616 1689 2766 1752 prae-

635 1777 891 1858 peditus.
925 1776 1069 1838 Fato
1103 1776 1188 1839 sic
1222 1776 1451 1839 diceres
1483 1776 1765 1839 evenisse
1798 1783 1867 1838 ut
1899 1780 1989 1839 tot
2022 1777 2249 1839 summi
2296 1775 2417 1839 viri
2455 1793 2587 1840 rem
2628 1794 2768 1856 quae

638 1883 699 1945 in
734 1883 1013 1946 omnium
1043 1882 1203 1945 votis
1235 1882 1465 1947 iamdiu
1498 1888 1616 1961 est,
1659 1882 1836 1946 toties
1869 1888 2203 1962 susceptam
2237 1883 2505 1945 nondum
2537 1884 2610 1946 ad
2643 1882 2765 1946 exi·
2869 1941 2874 1944 ,

637 1996 769 2052 111111
800 1989 1131 2067 perducere
1161 1988 1484 2066 potuerint.

793 2095 854 2157 ld
896 2109 1007 2171 ego
1049 2092 1103 2155 si
1146 2092 1263 2154 fata
1304 2093 1500 2154 sinant
1536 2108 1887 2169 aggressUS,
1930 2094 2237 2171 integrum
2278 2109 2430 2172 opus
2468 2094 2555 2155 De
2594 2092 2769 2154 rebus

634 2199 1042 2279 familiaribus
1100 2205 1469 2274 caeterasque
1529 2212 1741 2258 omnes
1790 2196 1887 2259 Fr.
1938 2198 2233 2259 Petrarcae
2288 2198 2567 2275 epistolas
2635 2213 2773 2275 quae

637 2305 751 2367 sub
794 2304 1121 2367 Varianam
1151 2300 1397 2364 nomine
1431 2299 1658 2363 iamdiu
1692 2302 1955 2379 vulgatae
1986 2302 2237 2363 fuerunt
2270 2316 2545 2381 quasque
2577 2303 2770 2366 adhuc

638 2411 887 2473 ineditas
920 2414 1126 2471 extare
1158 2406 1445 2485 cognovi,
1480 2406 1723 2469 tandem
1756 2406 2075 2485 aliquando
2108 2423 2228 2469 non
2255 2408 2455 2470 solum
2478 2405 2540 2468 in
2567 2408 2770 2470 lucem

637 2514 939 2593 proferre,
975 2513 1106 2588 sed,
1141 2511 1192 2574 si
1225 2528 1345 2574 non
1381 2513 1604 2590 exiguo
1637 2512 1829 2575 labori
1866 2513 2030 2575 vires
2062 2518 2405 2592 suppetant,
2431 2519 2492 2574 et
2526 2512 2589 2574 in
2620 2512 2767 2576 ltali-

637 2633 770 2681 cam
801 2618 1068 2695 linguam
1092 2624 1362 2680 nostram
1395 2617 1725 2680 transferre
1750 2625 1810 2680 et
1832 2618 1991 2681 notis
2022 2617 2769 2697 animadversionibusque

637 2724 991 2804 opportunis
1025 2724 1325 2788 illustrare
1354 2723 1507 2785 mihi
1538 2723 1841 2787 constitui.
1877 2722 2288 2795 Quamobrem
2320 2723 2381 2784 in
2416 2722 2477 2786 id
2503 2722 2770 2803 primum

638 2828 887 2891 incubui
920 2836 989 2892 ut
1021 2829 1174 2892 mibi
1200 2835 1322 2892 tota
1349 2829 1751 2892 innotesceret
1773 2829 2114 2891 litterarum
2141 2830 2333 2892 series
2357 2829 2581 2908 quibus
2605 2827 2770 2891 XXIV

638 2934 1051 2998 Familiarium
1102 2934 1241 2998 libri
1289 2934 1653 2998 constabant.
1709 2935 1757 2996 A
1795 2933 1994 3013 primo
2044 2935 2117 2997 ad
2166 2940 2451 2997 octavum
2494 2949 2594 2996 eas
2643 2930 2768 2994 cui-

626 3057 760 3120 que
794 3043 1069 3122 reperire
1107 3042 1312 3105 datum
1352 3048 1480 3103 erat
1514 3041 1575 3102 in
1611 3039 1894 3103 omnibus
1931 3039 2246 3119 hucusque
2281 3036 2539 3117 vulgatis
2572 3035 2776 3100 editio·

637 3147 847 3223 nibus,
908 3147 1235 3210 dummodo
1277 3147 1439 3225 quod
1479 3145 1589 3208 uni
1628 3145 1832 3208 deerat
1871 3143 2251 3224 suppleretur
2283 3161 2359 3207 ex
2401 3144 2603 3207 altera.
2638 3142 2776 3206 Dies

639 3257 841 3315 tamen
886 3252 1227 3314 litterarum
1266 3252 1373 3329 qui
1414 3251 1542 3314 rere
1595 3252 1656 3312 in
1706 3251 1990 3313 omnibus
2041 3248 2560 3325 desiderabantur,
2603 3253 2772 3326 quot·

640 3363 786 3435 quot
820 3357 881 3418 in
915 3355 1230 3421 codicibus
1262 3355 1701 3418 Parisiensibus
1734 3353 1966 3418 inventi
1999 3363 2165 3433 sunt,
2201 3355 2274 3418 ab
2309 3353 2422 3416 illis
2464 3358 2774 3431 excerptos

640 3462 995 3527 addidimus.
1040 3460 1188 3533 Quae
1227 3462 1516 3525 tredecim
1565 3461 1794 3524 ultimis
1842 3462 2011 3525 libris
2058 3459 2647 3539 comprehenduntur
2699 3474 2773 3521 ex

642 3569 957 3633 Codicibus
975 3567 1332 3631 Florentinis
1361 3584 1515 3646 quos
1544 3584 1724 3647 supra
1744 3567 1959 3630 litteris
1982 3569 2026 3632 E
2047 3574 2102 3629 et
2126 3568 2168 3629 F
2190 3566 2644 3645 designavimus
2677 3566 2771 3628 de·

643 3673 982 3737 scribendas
1013 3671 1368 3735 curavimus
1401 3687 1641 3748 omnes,
1678 3671 1752 3734 iis
1780 3670 2042 3750 exceptis
2068 3687 2219 3750 quas
2254 3671 2343 3733 uti
2384 3670 2647 3733 diximus
2688 3670 2771 3732 di·

768 3821 783 3852 ¹
818 3820 970 3869 Index
991 3819 1241 3869 Francisci
1265 3819 1547 3869 Petrarchae
1579 3818 1913 3882 Epistularum
1937 3832 2042 3882 quae
2074 3819 2217 3869 editae
2239 3822 2354 3868 sunt
2385 3822 2433 3866 et
2472 3829 2580 3880 quae
2615 3815 2774 3863 adhuc

643 3898 855 3948 inedita.
881 3898 1092 3957 Patavii,
1119 3905 1218 3962 typ.
1245 3897 1527 3950 seminarii.
1562 3897 1706 3947 Initia
1739 3903 1931 3948 tantum
1954 3899 2232 3950 litterarum
2264 3898 2440 3949 ordine
2463 3893 2771 3959 alphabetico

645 3976 883 4040 disposita
916 3977 1009 4029 boc
1036 3979 1091 4029 111
1122 3979 1289 4030 Indice
1326 3979 1578 4043 reperies3
1608 3979 1728 4042 quin
1760 3992 1822 4029 ex
1847 3993 1909 4030 eo
1947 3980 2028 4030 vel
2058 3978 2258 4030 nomina
2294 3982 2566 4041 appareant
2594 3986 2769 4025 eorum

642 4058 708 4109 ad
730 4069 857 4121 qnos
876 4056 1055 4109 litterae
1075 4059 1242 4110 missae
1264 4066 1383 4110 311111
1419 4060 1498 4111 vel
1528 4059 1654 4110 ordo
1693 4073 1794 4125 quo
1828 4061 1958 4112 inter
1989 4057 2273 4110 Familiares
2328 4064 2414 4107 aut
2453 4055 2646 4107 seniles
2682 4061 2770 4105 aut

643 4137 816 4189 Varias
838 4139 938 4190 31111
966 4140 1303 4190 recensendae.
1338 4141 1529 4190 Desunt
1559 4140 1765 4204 insuper
1799 4154 1860 4192 eo
1891 4140 1944 4191 in
1979 4137 2144 4189 Indice
2173 4136 2348 4187 litterae
2381 4147 2438 4187 no
2467 4136 2531 4188 23
2561 4148 2772 4201 quarum

646 4219 676 4269 4
697 4219 916 4281 meditat,
939 4220 1142 4283 reliquae
1172 4221 1228 4271 ¹9
1250 4221 1346 4271 iam
1371 4221 1519 4272 editae
1539 4220 1751 4271 inerant.
