<?xml version="1.0" encoding="UTF-8"?>
<!DOCTYPE html PUBLIC "-//W3C//DTD XHTML 1.0 Transitional//EN"
    "http://www.w3.org/TR/xhtml1/DTD/xhtml1-transitional.dtd">
<html xmlns="http://www.w3.org/1999/xhtml" xml:lang="en" lang="en">
 <head>
  <title>
</title>
<meta http-equiv="Content-Type" content="text/html;charset=utf-8" />
  <meta name='ocr-system' content='tesseract 3.04.00' />
  <meta name='ocr-capabilities' content='ocr_page ocr_carea ocr_par ocr_line ocrx_word'/>
</head>
<body>
  <div class='ocr_page' id='page_1' title='image "./epistolaederebu00unkngoog_0074.png"; bbox 0 0 3104 4805; ppageno 0'>
   <div class='ocr_carea' id='block_1_1' title="bbox 565 379 2005 430">
    <p class='ocr_par' dir='ltr' id='par_1_1' title="bbox 565 379 2005 430">
     <span class='ocr_line' id='line_1_1' title="bbox 565 379 2005 430; baseline -0.003 0"><span class='ocrx_word' id='word_1_1' title='bbox 565 416 575 430; x_wconf 89' lang='lat'>.</span> <span class='ocrx_word' id='word_1_2' title='bbox 631 380 754 427; x_wconf 76' lang='lat' dir='ltr'>Lxll</span> <span class='ocrx_word' id='word_1_3' title='bbox 1477 379 2005 429; x_wconf 69' lang='lat' dir='ltr'>PROLEGOMENON.</span> 
     </span>
    </p>
   </div>
   <div class='ocr_carea' id='block_1_2' title="bbox 388 530 3067 831">
    <p class='ocr_par' dir='ltr' id='par_1_2' title="bbox 388 530 3067 831">
     <span class='ocr_line' id='line_1_2' title="bbox 388 530 3067 773; baseline 0 -84"><span class='ocrx_word' id='word_1_4' title='bbox 388 640 391 689; x_wconf 74' lang='grc' dir='ltr'>ε</span> <span class='ocrx_word' id='word_1_5' title='bbox 931 614 1158 669; x_wconf 83' lang='lat' dir='ltr'>INITIA</span> <span class='ocrx_word' id='word_1_6' title='bbox 1220 614 1694 670; x_wconf 67' lang='lat' dir='ltr'>LITTERARUM</span> <span class='ocrx_word' id='word_1_7' title='bbox 2241 530 2246 773; x_wconf 64' lang='grc' dir='ltr'>Ι</span> <span class='ocrx_word' id='word_1_8' title='bbox 2443 642 2613 692; x_wconf 77' lang='lat' dir='ltr'>onno</span> <span class='ocrx_word' id='word_1_9' title='bbox 2653 642 3067 691; x_wconf 76' lang='lat' dir='ltr'>EPISTOLARUl</span> 
     </span>
     <span class='ocr_line' id='line_1_3' title="bbox 730 733 3067 831; baseline 0.001 -58"><span class='ocrx_word' id='word_1_10' title='bbox 730 733 1176 774; x_wconf 75' lang='lat' dir='ltr'>ALPllABss‘rlco</span> <span class='ocrx_word' id='word_1_11' title='bbox 1241 734 1471 774; x_wconf 66' lang='lat' dir='ltr'>onnlnss</span> <span class='ocrx_word' id='word_1_12' title='bbox 1537 735 1874 776; x_wconf 77' lang='lat' dir='ltr'>nlsPosl&#39;rA</span> <span class='ocrx_word' id='word_1_13' title='bbox 2241 776 2245 831; x_wconf 53' lang='grc' dir='ltr'>Ι</span> <span class='ocrx_word' id='word_1_14' title='bbox 2334 753 3067 799; x_wconf 40' lang='grc' dir='ltr'>’,Α</span> 
     </span>
    </p>
   </div>
   <div class='ocr_carea' id='block_1_3' title="bbox 386 604 2786 1047">
    <p class='ocr_par' dir='ltr' id='par_1_3' title="bbox 388 604 393 633">
     <span class='ocr_line' id='line_1_4' title="bbox 388 604 393 633; baseline 0 0"><span class='ocrx_word' id='word_1_15' title='bbox 388 604 393 633; x_wconf 81' lang='grc' dir='ltr'>Ι</span> 
     </span>
    </p>

    <p class='ocr_par' dir='ltr' id='par_1_4' title="bbox 387 700 391 755">
     <span class='ocr_line' id='line_1_5' title="bbox 387 700 391 755; baseline 0 0"><span class='ocrx_word' id='word_1_16' title='bbox 387 700 391 755; x_wconf 67' lang='grc' dir='ltr'>ξ</span> 
     </span>
    </p>

    <p class='ocr_par' dir='ltr' id='par_1_5' title="bbox 386 772 2786 1047">
     <span class='ocr_line' id='line_1_6' title="bbox 386 772 2786 1047; baseline -0.012 -137"><span class='ocrx_word' id='word_1_17' title='bbox 386 772 391 1047; x_wconf 61' lang='lat'><strong>¹</strong></span> <span class='ocrx_word' id='word_1_18' title='bbox 1127 852 1208 900; x_wconf 84' lang='lat' dir='ltr'>ET</span> <span class='ocrx_word' id='word_1_19' title='bbox 1260 852 1503 900; x_wconf 76' lang='lat' dir='ltr'>NOMINA</span> <span class='ocrx_word' id='word_1_20' title='bbox 2241 840 2246 913; x_wconf 58' lang='grc' dir='ltr'>ι</span> <span class='ocrx_word' id='word_1_21' title='bbox 2517 869 2597 907; x_wconf 53' lang='grc' dir='ltr'>γε</span> <span class='ocrx_word' id='word_1_22' title='bbox 2615 868 2786 907; x_wconf 59' lang='grc' dir='ltr'>ΝΕΤΑ</span> 
     </span>
     <span class='ocr_line' id='line_1_7' title="bbox 761 918 2773 1035; baseline -0.006 -43"><span class='ocrx_word' id='word_1_23' title='bbox 761 954 936 994; x_wconf 70' lang='lat' dir='ltr'>cosmi</span> <span class='ocrx_word' id='word_1_24' title='bbox 969 954 1037 993; x_wconf 70' lang='lat' dir='ltr'>An</span> <span class='ocrx_word' id='word_1_25' title='bbox 1069 953 1202 1002; x_wconf 82' lang='lat' dir='ltr'>Quos</span> <span class='ocrx_word' id='word_1_26' title='bbox 1236 953 1477 992; x_wconf 62' lang='lat' dir='ltr'>uri-unffi</span> <span class='ocrx_word' id='word_1_27' title='bbox 1508 952 1673 992; x_wconf 64' lang='lat' dir='ltr'>mssae:</span> <span class='ocrx_word' id='word_1_28' title='bbox 1706 953 1854 993; x_wconf 59' lang='lat' dir='ltr'>suar.</span> <span class='ocrx_word' id='word_1_29' title='bbox 2242 918 2248 1035; x_wconf 57' lang='grc' dir='ltr'>ι</span> <span class='ocrx_word' id='word_1_30' title='bbox 2554 938 2645 967; x_wconf 63' lang='lat'>*¹⁴¹¹</span> <span class='ocrx_word' id='word_1_31' title='bbox 2671 932 2773 967; x_wconf 64' lang='grc' dir='ltr'>’δω-</span> 
     </span>
    </p>
   </div>
   <div class='ocr_carea' id='block_1_4' title="bbox 1016 1054 1353 1060">
    <p class='ocr_par' dir='ltr' id='par_1_6' title="bbox 1016 1054 1353 1060">
     <span class='ocr_line' id='line_1_8' title="bbox 1016 1054 1353 1060; baseline 0 0"><span class='ocrx_word' id='word_1_32' title='bbox 1016 1054 1353 1060; x_wconf 95' lang='lat' dir='ltr'> </span> 
     </span>
    </p>
   </div>
   <div class='ocr_carea' id='block_1_5' title="bbox 1444 1053 1598 1058">
    <p class='ocr_par' dir='ltr' id='par_1_7' title="bbox 1444 1053 1598 1058">
     <span class='ocr_line' id='line_1_9' title="bbox 1444 1053 1598 1058; baseline 0 0"><span class='ocrx_word' id='word_1_33' title='bbox 1444 1053 1598 1058; x_wconf 95' lang='lat' dir='ltr'> </span> 
     </span>
    </p>
   </div>
   <div class='ocr_carea' id='block_1_6' title="bbox 1617 1054 1866 1058">
    <p class='ocr_par' dir='ltr' id='par_1_8' title="bbox 1617 1054 1866 1058">
     <span class='ocr_line' id='line_1_10' title="bbox 1617 1054 1866 1058; baseline 0 0"><span class='ocrx_word' id='word_1_34' title='bbox 1617 1054 1866 1058; x_wconf 95' lang='lat' dir='ltr'> </span> 
     </span>
    </p>
   </div>
   <div class='ocr_carea' id='block_1_7' title="bbox 386 1070 2791 1277">
    <p class='ocr_par' dir='ltr' id='par_1_9' title="bbox 386 1070 2791 1277">
     <span class='ocr_line' id='line_1_11' title="bbox 386 1070 2791 1277; baseline 0.001 -66"><span class='ocrx_word' id='word_1_35' title='bbox 386 1194 390 1211; x_wconf 75' lang='grc'><strong>.</strong></span> <span class='ocrx_word' id='word_1_36' title='bbox 465 1158 727 1213; x_wconf 91' lang='lat' dir='ltr'>Nondum</span> <span class='ocrx_word' id='word_1_37' title='bbox 755 1158 1024 1229; x_wconf 82' lang='lat' dir='ltr'>superiori</span> <span class='ocrx_word' id='word_1_38' title='bbox 1052 1156 1297 1227; x_wconf 82' lang='lat' dir='ltr'>epistolae</span> <span class='ocrx_word' id='word_1_39' title='bbox 1304 1196 2190 1210; x_wconf 87' lang='grc'><strong>................</strong></span> <span class='ocrx_word' id='word_1_40' title='bbox 2243 1070 2247 1277; x_wconf 46' lang='grc' dir='ltr'>ἡ</span> <span class='ocrx_word' id='word_1_41' title='bbox 2539 1160 2667 1213; x_wconf 85' lang='lat' dir='ltr'>Var.</span> <span class='ocrx_word' id='word_1_42' title='bbox 2702 1160 2791 1216; x_wconf 84' lang='lat'>18.</span> 
     </span>
     <span class='ocr_line' id='line_1_12' title="bbox 666 1225 1271 1272; baseline -0.008 -1"><span class='ocrx_word' id='word_1_43' title='bbox 666 1228 736 1272; x_wconf 83' lang='lat' dir='ltr'>Ad</span> <span class='ocrx_word' id='word_1_44' title='bbox 764 1227 957 1271; x_wconf 78' lang='lat' dir='ltr'><strong>Nerium</strong></span> <span class='ocrx_word' id='word_1_45' title='bbox 984 1225 1271 1271; x_wconf 72' lang='lat' dir='ltr'>notandum.</span> 
     </span>
    </p>
   </div>
   <div class='ocr_carea' id='block_1_8' title="bbox 464 1307 2191 1431">
    <p class='ocr_par' dir='ltr' id='par_1_10' title="bbox 464 1307 2191 1431">
     <span class='ocr_line' id='line_1_13' title="bbox 464 1307 2191 1378; baseline -0.002 -18"><span class='ocrx_word' id='word_1_46' title='bbox 464 1307 589 1362; x_wconf 89' lang='lat' dir='ltr'>Non</span> <span class='ocrx_word' id='word_1_47' title='bbox 616 1307 875 1378; x_wconf 85' lang='lat' dir='ltr'>epistolas</span> <span class='ocrx_word' id='word_1_48' title='bbox 901 1314 1023 1360; x_wconf 85' lang='lat' dir='ltr'>tuas</span> <span class='ocrx_word' id='word_1_49' title='bbox 1051 1312 1287 1359; x_wconf 81' lang='lat' dir='ltr'>tantum.</span> <span class='ocrx_word' id='word_1_50' title='bbox 1353 1342 2191 1358; x_wconf 91' lang='grc'><strong>...............</strong></span> 
     </span>
     <span class='ocr_line' id='line_1_14' title="bbox 640 1372 1626 1431; baseline -0.006 -12"><span class='ocrx_word' id='word_1_51' title='bbox 640 1394 641 1397; x_wconf 38' lang='lat'>¹</span> <span class='ocrx_word' id='word_1_52' title='bbox 666 1377 737 1420; x_wconf 80' lang='lat' dir='ltr'>Ad</span> <span class='ocrx_word' id='word_1_53' title='bbox 762 1374 1030 1431; x_wconf 73' lang='lat' dir='ltr'>nagistrum</span> <span class='ocrx_word' id='word_1_54' title='bbox 1059 1375 1245 1419; x_wconf 79' lang='lat' dir='ltr'>Petrum</span> <span class='ocrx_word' id='word_1_55' title='bbox 1275 1372 1626 1418; x_wconf 70' lang='lat' dir='ltr'>Bononiensem.</span> 
     </span>
    </p>
   </div>
   <div class='ocr_carea' id='block_1_9' title="bbox 467 1455 3020 1579">
    <p class='ocr_par' dir='ltr' id='par_1_11' title="bbox 467 1455 3020 1579">
     <span class='ocr_line' id='line_1_15' title="bbox 467 1455 3020 1567; baseline -0.001 -58"><span class='ocrx_word' id='word_1_56' title='bbox 467 1455 590 1510; x_wconf 90' lang='lat' dir='ltr'>Non</span> <span class='ocrx_word' id='word_1_57' title='bbox 616 1455 875 1567; x_wconf 53' lang='lat' dir='ltr'>exiguum</span> <span class='ocrx_word' id='word_1_58' title='bbox 902 1456 959 1508; x_wconf 89' lang='lat' dir='ltr'>in</span> <span class='ocrx_word' id='word_1_59' title='bbox 987 1461 1289 1525; x_wconf 83' lang='lat' dir='ltr'>stuporem.</span> <span class='ocrx_word' id='word_1_60' title='bbox 1354 1492 2955 1508; x_wconf 86' lang='grc'><strong>...........................</strong></span> <span class='ocrx_word' id='word_1_61' title='bbox 3008 1498 3020 1507; x_wconf 93' lang='grc'><strong>.</strong></span> 
     </span>
     <span class='ocr_line' id='line_1_16' title="bbox 663 1522 1581 1579; baseline -0.004 -11"><span class='ocrx_word' id='word_1_62' title='bbox 663 1525 699 1568; x_wconf 99' lang='lat' dir='ltr'>A</span> <span class='ocrx_word' id='word_1_63' title='bbox 762 1523 1010 1568; x_wconf 82' lang='lat' dir='ltr'>lobsnnem</span> <span class='ocrx_word' id='word_1_64' title='bbox 1045 1525 1200 1579; x_wconf 75' lang='lat' dir='ltr'>Episo.</span> <span class='ocrx_word' id='word_1_65' title='bbox 1230 1522 1581 1567; x_wconf 82' lang='lat' dir='ltr'>Olmutlensem.</span> 
     </span>
    </p>
   </div>
   <div class='ocr_carea' id='block_1_10' title="bbox 366 586 395 4222">
    <p class='ocr_par' dir='ltr' id='par_1_12' title="bbox 366 586 395 4222">
     <span class='ocr_line' id='line_1_17' title="bbox 366 586 395 4222; baseline 0 0"><span class='ocrx_word' id='word_1_66' title='bbox 366 586 395 4222; x_wconf 95' lang='lat' dir='ltr'>  </span> 
     </span>
    </p>
   </div>
   <div class='ocr_carea' id='block_1_11' title="bbox 2302 1348 3022 1361">
    <p class='ocr_par' dir='ltr' id='par_1_13' title="bbox 2302 1348 3022 1361">
     <span class='ocr_line' id='line_1_18' title="bbox 2302 1348 3022 1361; baseline 0.006 -3"><span class='ocrx_word' id='word_1_67' title='bbox 2302 1348 3022 1361; x_wconf 63' lang='lat' dir='ltr'>nnnnnnnnnnnnn</span> 
     </span>
    </p>
   </div>
   <div class='ocr_carea' id='block_1_12' title="bbox 466 1602 3012 1724">
    <p class='ocr_par' dir='ltr' id='par_1_14' title="bbox 466 1602 3012 1724">
     <span class='ocr_line' id='line_1_19' title="bbox 466 1602 3012 1674; baseline -0 -17"><span class='ocrx_word' id='word_1_68' title='bbox 466 1604 590 1658; x_wconf 89' lang='lat' dir='ltr'>Non</span> <span class='ocrx_word' id='word_1_69' title='bbox 616 1602 773 1656; x_wconf 82' lang='lat' dir='ltr'>facile</span> <span class='ocrx_word' id='word_1_70' title='bbox 800 1602 906 1656; x_wconf 87' lang='lat' dir='ltr'>dici</span> <span class='ocrx_word' id='word_1_71' title='bbox 933 1610 1114 1674; x_wconf 88' lang='lat' dir='ltr'>potest</span> <span class='ocrx_word' id='word_1_72' title='bbox 1120 1641 1837 1657; x_wconf 88' lang='lat'><strong>.............</strong></span> <span class='ocrx_word' id='word_1_73' title='bbox 1883 1618 1902 1653; x_wconf 66' lang='grc' dir='ltr'><strong><em>τ</em></strong></span> <span class='ocrx_word' id='word_1_74' title='bbox 2004 1645 2013 1655; x_wconf 91' lang='grc'><strong>.</strong></span> <span class='ocrx_word' id='word_1_75' title='bbox 2062 1645 2072 1655; x_wconf 91' lang='grc'><strong>.</strong></span> <span class='ocrx_word' id='word_1_76' title='bbox 2122 1645 2130 1654; x_wconf 95' lang='grc'><em>.</em></span> <span class='ocrx_word' id='word_1_77' title='bbox 2181 1644 2190 1654; x_wconf 88' lang='grc'><strong>.</strong></span> <span class='ocrx_word' id='word_1_78' title='bbox 2300 1644 3012 1656; x_wconf 85' lang='grc'><strong>.............</strong></span> 
     </span>
     <span class='ocr_line' id='line_1_20' title="bbox 668 1669 1752 1724; baseline -0.005 -7"><span class='ocrx_word' id='word_1_79' title='bbox 668 1671 737 1717; x_wconf 81' lang='lat' dir='ltr'>Ad</span> <span class='ocrx_word' id='word_1_80' title='bbox 763 1671 1007 1717; x_wconf 76' lang='lat' dir='ltr'>Nicolaum</span> <span class='ocrx_word' id='word_1_81' title='bbox 1037 1674 1170 1717; x_wconf 74' lang='lat' dir='ltr'>Laur.</span> <span class='ocrx_word' id='word_1_82' title='bbox 1201 1671 1453 1717; x_wconf 79' lang='lat' dir='ltr'>Tribunum</span> <span class='ocrx_word' id='word_1_83' title='bbox 1483 1670 1593 1724; x_wconf 90' lang='lat' dir='ltr'>Pop.</span> <span class='ocrx_word' id='word_1_84' title='bbox 1625 1669 1752 1714; x_wconf 83' lang='lat' dir='ltr'>Rom.</span> 
     </span>
    </p>
   </div>
   <div class='ocr_carea' id='block_1_13' title="bbox 388 1752 3014 1867">
    <p class='ocr_par' dir='ltr' id='par_1_15' title="bbox 388 1752 3014 1867">
     <span class='ocr_line' id='line_1_21' title="bbox 467 1752 3014 1823; baseline -0.001 -17"><span class='ocrx_word' id='word_1_85' title='bbox 467 1753 590 1807; x_wconf 89' lang='lat' dir='ltr'>Non</span> <span class='ocrx_word' id='word_1_86' title='bbox 616 1752 773 1807; x_wconf 83' lang='lat' dir='ltr'>facile</span> <span class='ocrx_word' id='word_1_87' title='bbox 801 1752 951 1806; x_wconf 88' lang='lat' dir='ltr'>dictu</span> <span class='ocrx_word' id='word_1_88' title='bbox 979 1759 1063 1807; x_wconf 90' lang='lat' dir='ltr'>est</span> <span class='ocrx_word' id='word_1_89' title='bbox 1090 1768 1259 1823; x_wconf 83' lang='lat' dir='ltr'>quam</span> <span class='ocrx_word' id='word_1_90' title='bbox 1286 1754 1408 1806; x_wconf 85' lang='lat' dir='ltr'>laete</span> <span class='ocrx_word' id='word_1_91' title='bbox 1416 1790 1776 1805; x_wconf 86' lang='grc'><strong>.......</strong></span> <span class='ocrx_word' id='word_1_92' title='bbox 1819 1786 1826 1787; x_wconf 14' lang='grc' dir='ltr'><strong>ἡ</strong></span> <span class='ocrx_word' id='word_1_93' title='bbox 1825 1792 3014 1804; x_wconf 89' lang='lat'><strong>....................</strong></span> 
     </span>
     <span class='ocr_line' id='line_1_22' title="bbox 388 1820 1561 1867; baseline -0.005 1"><span class='ocrx_word' id='word_1_94' title='bbox 388 1822 392 1845; x_wconf 76' lang='lat'>³</span> <span class='ocrx_word' id='word_1_95' title='bbox 668 1822 739 1867; x_wconf 80' lang='lat' dir='ltr'>Ad</span> <span class='ocrx_word' id='word_1_96' title='bbox 766 1821 991 1867; x_wconf 81' lang='lat' dir='ltr'>Abbstem</span> <span class='ocrx_word' id='word_1_97' title='bbox 1020 1822 1255 1867; x_wconf 68' lang='lat' dir='ltr'>Coi-verim</span> <span class='ocrx_word' id='word_1_98' title='bbox 1283 1820 1561 1866; x_wconf 82' lang='lat' dir='ltr'>Bononiens.</span> 
     </span>
    </p>
   </div>
   <div class='ocr_carea' id='block_1_14' title="bbox 466 1900 2753 2026">
    <p class='ocr_par' dir='ltr' id='par_1_16' title="bbox 466 1900 2753 2026">
     <span class='ocr_line' id='line_1_23' title="bbox 466 1900 2753 1974; baseline -0.001 -19"><span class='ocrx_word' id='word_1_99' title='bbox 466 1902 592 1956; x_wconf 85' lang='lat' dir='ltr'>Non</span> <span class='ocrx_word' id='word_1_100' title='bbox 618 1902 793 1957; x_wconf 87' lang='lat' dir='ltr'>miror</span> <span class='ocrx_word' id='word_1_101' title='bbox 819 1902 877 1955; x_wconf 90' lang='lat' dir='ltr'>in</span> <span class='ocrx_word' id='word_1_102' title='bbox 904 1908 959 1957; x_wconf 90' lang='lat' dir='ltr'>te</span> <span class='ocrx_word' id='word_1_103' title='bbox 989 1903 1138 1974; x_wconf 91' lang='lat' dir='ltr'>quod</span> <span class='ocrx_word' id='word_1_104' title='bbox 1168 1903 1223 1969; x_wconf 82' lang='lat' dir='ltr'>in</span> <span class='ocrx_word' id='word_1_105' title='bbox 1234 1940 2188 1955; x_wconf 90' lang='grc'><strong>.................</strong></span> <span class='ocrx_word' id='word_1_106' title='bbox 2573 1900 2632 1952; x_wconf 89' lang='lat' dir='ltr'>F.</span> <span class='ocrx_word' id='word_1_107' title='bbox 2663 1901 2753 1953; x_wconf 83' lang='lat'>21.</span> 
     </span>
     <span class='ocr_line' id='line_1_24' title="bbox 671 1971 1330 2026; baseline -0.003 -11"><span class='ocrx_word' id='word_1_108' title='bbox 671 1972 741 2015; x_wconf 80' lang='lat' dir='ltr'>Ad</span> <span class='ocrx_word' id='word_1_109' title='bbox 769 1972 1014 2026; x_wconf 80' lang='lat' dir='ltr'>Agspitum</span> <span class='ocrx_word' id='word_1_110' title='bbox 1042 1971 1330 2016; x_wconf 75' lang='lat' dir='ltr'>Columnam.</span> 
     </span>
    </p>
   </div>
   <div class='ocr_carea' id='block_1_15' title="bbox 388 2049 2821 2175">
    <p class='ocr_par' dir='ltr' id='par_1_17' title="bbox 388 2049 2821 2175">
     <span class='ocr_line' id='line_1_25' title="bbox 388 2049 2821 2123; baseline -0 -21"><span class='ocrx_word' id='word_1_111' title='bbox 388 2056 393 2095; x_wconf 73' lang='lat' dir='ltr'>t</span> <span class='ocrx_word' id='word_1_112' title='bbox 468 2050 592 2105; x_wconf 89' lang='lat' dir='ltr'>Non</span> <span class='ocrx_word' id='word_1_113' title='bbox 619 2068 848 2123; x_wconf 87' lang='lat' dir='ltr'>possum</span> <span class='ocrx_word' id='word_1_114' title='bbox 876 2051 973 2104; x_wconf 84' lang='lat' dir='ltr'>tihi</span> <span class='ocrx_word' id='word_1_115' title='bbox 1001 2049 1309 2104; x_wconf 86' lang='lat' dir='ltr'>remedium</span> <span class='ocrx_word' id='word_1_116' title='bbox 1316 2087 2188 2102; x_wconf 85' lang='lat'><strong>................</strong></span> <span class='ocrx_word' id='word_1_117' title='bbox 2502 2051 2556 2104; x_wconf 81' lang='lat' dir='ltr'>S.</span> <span class='ocrx_word' id='word_1_118' title='bbox 2591 2050 2734 2104; x_wconf 84' lang='lat' dir='ltr'>XVI.</span> <span class='ocrx_word' id='word_1_119' title='bbox 2766 2050 2821 2105; x_wconf 88' lang='grc'>6.</span> 
     </span>
     <span class='ocr_line' id='line_1_26' title="bbox 668 2115 1590 2175; baseline -0.005 -12"><span class='ocrx_word' id='word_1_120' title='bbox 668 2121 737 2164; x_wconf 83' lang='lat' dir='ltr'>Ad</span> <span class='ocrx_word' id='word_1_121' title='bbox 766 2118 993 2164; x_wconf 85' lang='lat' dir='ltr'>Doninum</span> <span class='ocrx_word' id='word_1_122' title='bbox 1029 2129 1220 2175; x_wconf 77' lang='lat' dir='ltr'>gramm.</span> <span class='ocrx_word' id='word_1_123' title='bbox 1250 2115 1590 2161; x_wconf 72' lang='lat' dir='ltr'>Placentinum.</span> 
     </span>
    </p>
   </div>
   <div class='ocr_carea' id='block_1_16' title="bbox 467 2197 3028 2336">
    <p class='ocr_par' dir='ltr' id='par_1_18' title="bbox 467 2197 3028 2336">
     <span class='ocr_line' id='line_1_27' title="bbox 467 2197 3028 2271; baseline -0.002 -17"><span class='ocrx_word' id='word_1_124' title='bbox 467 2200 591 2254; x_wconf 89' lang='lat' dir='ltr'>Non</span> <span class='ocrx_word' id='word_1_125' title='bbox 616 2216 845 2271; x_wconf 87' lang='lat' dir='ltr'>possum</span> <span class='ocrx_word' id='word_1_126' title='bbox 871 2200 955 2253; x_wconf 84' lang='lat' dir='ltr'>vir</span> <span class='ocrx_word' id='word_1_127' title='bbox 980 2197 1195 2268; x_wconf 79' lang='lat' dir='ltr'>egregie</span> <span class='ocrx_word' id='word_1_128' title='bbox 1223 2197 1536 2251; x_wconf 81' lang='lat' dir='ltr'>tarditatem</span> <span class='ocrx_word' id='word_1_129' title='bbox 1544 2237 3028 2250; x_wconf 88' lang='lat'><strong>.........................</strong></span> 
     </span>
     <span class='ocr_line' id='line_1_28' title="bbox 665 2265 2762 2336; baseline -0.007 -23"><span class='ocrx_word' id='word_1_130' title='bbox 665 2269 734 2313; x_wconf 80' lang='lat' dir='ltr'>Ad</span> <span class='ocrx_word' id='word_1_131' title='bbox 753 2269 995 2314; x_wconf 72' lang='lat' dir='ltr'>Nicolaum</span> <span class='ocrx_word' id='word_1_132' title='bbox 1016 2265 1316 2336; x_wconf 64' lang='lat' dir='ltr'>Accisiolum5</span> <span class='ocrx_word' id='word_1_133' title='bbox 2751 2274 2762 2284; x_wconf 82' lang='lat'><em>·</em></span> 
     </span>
    </p>
   </div>
   <div class='ocr_carea' id='block_1_17' title="bbox 468 2345 3025 2712">
    <p class='ocr_par' dir='ltr' id='par_1_19' title="bbox 468 2340 3025 2712">
     <span class='ocr_line' id='line_1_29' title="bbox 468 2345 3025 2712; baseline -0.002 -310"><span class='ocrx_word' id='word_1_134' title='bbox 468 2349 591 2402; x_wconf 90' lang='lat' dir='ltr'>Non</span> <span class='ocrx_word' id='word_1_135' title='bbox 620 2350 739 2404; x_wconf 89' lang='lat' dir='ltr'>sine</span> <span class='ocrx_word' id='word_1_136' title='bbox 767 2349 1006 2462; x_wconf 63' lang='lat' dir='ltr'>suspirio</span> <span class='ocrx_word' id='word_1_137' title='bbox 1032 2347 1141 2416; x_wconf 82' lang='lat' dir='ltr'>legi</span> <span class='ocrx_word' id='word_1_138' title='bbox 1167 2345 1418 2418; x_wconf 86' lang='lat' dir='ltr'>quamvis</span> <span class='ocrx_word' id='word_1_139' title='bbox 1425 2384 2187 2399; x_wconf 91' lang='grc'><strong>..............</strong></span> <span class='ocrx_word' id='word_1_140' title='bbox 2240 2353 2246 2712; x_wconf 72' lang='lat' dir='ltr'>l</span> <span class='ocrx_word' id='word_1_141' title='bbox 2300 2385 2960 2396; x_wconf 89' lang='lat'><strong>............</strong></span> <span class='ocrx_word' id='word_1_142' title='bbox 3014 2388 3025 2398; x_wconf 92' lang='lat'>.</span> 
     </span>
     <span class='ocr_line' id='line_1_30' title="bbox 671 2417 1368 2473; baseline -0.006 -11"><span class='ocrx_word' id='word_1_143' title='bbox 671 2419 742 2462; x_wconf 87' lang='lat' dir='ltr'>Ad</span> <span class='ocrx_word' id='word_1_144' title='bbox 771 2420 862 2464; x_wconf 83' lang='lat' dir='ltr'>Psn</span> <span class='ocrx_word' id='word_1_145' title='bbox 896 2418 1086 2473; x_wconf 83' lang='lat' dir='ltr'>ulphum</span> <span class='ocrx_word' id='word_1_146' title='bbox 1112 2417 1368 2461; x_wconf 67' lang='lat' dir='ltr'>malatesta.</span> 
     </span>
    </p>
   </div>
   <div class='ocr_carea' id='block_1_18' title="bbox 469 2497 2187 2620">
    <p class='ocr_par' dir='ltr' id='par_1_20' title="bbox 469 2497 2187 2620">
     <span class='ocr_line' id='line_1_31' title="bbox 469 2497 2187 2568; baseline -0.003 -19"><span class='ocrx_word' id='word_1_147' title='bbox 469 2497 593 2550; x_wconf 90' lang='lat' dir='ltr'>Non</span> <span class='ocrx_word' id='word_1_148' title='bbox 622 2497 832 2551; x_wconf 81' lang='lat' dir='ltr'>solebat</span> <span class='ocrx_word' id='word_1_149' title='bbox 858 2497 994 2549; x_wconf 89' lang='lat' dir='ltr'>mihi</span> <span class='ocrx_word' id='word_1_150' title='bbox 1023 2502 1245 2568; x_wconf 88' lang='lat' dir='ltr'>tempus</span> <span class='ocrx_word' id='word_1_151' title='bbox 1271 2510 1411 2550; x_wconf 87' lang='lat' dir='ltr'>esse.</span> <span class='ocrx_word' id='word_1_152' title='bbox 1471 2533 2187 2546; x_wconf 83' lang='grc'><strong>.............</strong></span> 
     </span>
     <span class='ocr_line' id='line_1_32' title="bbox 665 2561 1642 2620; baseline -0.003 -12"><span class='ocrx_word' id='word_1_153' title='bbox 665 2567 735 2609; x_wconf 79' lang='lat' dir='ltr'>Ad</span> <span class='ocrx_word' id='word_1_154' title='bbox 765 2565 1059 2609; x_wconf 75' lang='lat' dir='ltr'>Franciscum</span> <span class='ocrx_word' id='word_1_155' title='bbox 1089 2565 1161 2609; x_wconf 90' lang='lat' dir='ltr'>Pr.</span> <span class='ocrx_word' id='word_1_156' title='bbox 1191 2565 1270 2609; x_wconf 88' lang='lat' dir='ltr'>SS.</span> <span class='ocrx_word' id='word_1_157' title='bbox 1301 2561 1642 2620; x_wconf 73' lang='lat' dir='ltr'>Apostolorum.</span> 
     </span>
    </p>
   </div>
   <div class='ocr_carea' id='block_1_19' title="bbox 389 2643 2247 2830">
    <p class='ocr_par' dir='ltr' id='par_1_21' title="bbox 389 2643 2247 2830">
     <span class='ocr_line' id='line_1_33' title="bbox 389 2643 2189 2708; baseline -0.001 -11"><span class='ocrx_word' id='word_1_158' title='bbox 389 2691 393 2708; x_wconf 84' lang='grc'>,</span> <span class='ocrx_word' id='word_1_159' title='bbox 469 2644 592 2697; x_wconf 89' lang='lat' dir='ltr'>Non</span> <span class='ocrx_word' id='word_1_160' title='bbox 621 2660 746 2698; x_wconf 85' lang='lat' dir='ltr'>sum</span> <span class='ocrx_word' id='word_1_161' title='bbox 775 2643 1002 2697; x_wconf 82' lang='lat' dir='ltr'>amicus,</span> <span class='ocrx_word' id='word_1_162' title='bbox 1058 2682 2189 2697; x_wconf 89' lang='lat'><strong>....................</strong></span> 
     </span>
     <span class='ocr_line' id='line_1_34' title="bbox 390 2713 2247 2830; baseline 0.006 -76"><span class='ocrx_word' id='word_1_163' title='bbox 390 2715 393 2722; x_wconf 93' lang='grc'><strong><em>·</em></strong></span> <span class='ocrx_word' id='word_1_164' title='bbox 664 2713 734 2756; x_wconf 85' lang='lat' dir='ltr'>Ad</span> <span class='ocrx_word' id='word_1_165' title='bbox 767 2713 1015 2757; x_wconf 71' lang='lat' dir='ltr'>Socratem.</span> <span class='ocrx_word' id='word_1_166' title='bbox 2241 2715 2247 2830; x_wconf 58' lang='grc' dir='ltr'>ι</span> 
     </span>
    </p>
   </div>
   <div class='ocr_carea' id='block_1_20' title="bbox 469 2790 2190 2919">
    <p class='ocr_par' dir='ltr' id='par_1_22' title="bbox 469 2790 2190 2919">
     <span class='ocr_line' id='line_1_35' title="bbox 469 2790 2190 2847; baseline -0.001 -3"><span class='ocrx_word' id='word_1_167' title='bbox 469 2790 592 2846; x_wconf 89' lang='lat' dir='ltr'>Non</span> <span class='ocrx_word' id='word_1_168' title='bbox 619 2809 743 2846; x_wconf 84' lang='lat' dir='ltr'>sum</span> <span class='ocrx_word' id='word_1_169' title='bbox 772 2793 991 2847; x_wconf 85' lang='lat' dir='ltr'>nescius</span> <span class='ocrx_word' id='word_1_170' title='bbox 1016 2793 1208 2847; x_wconf 86' lang='lat' dir='ltr'>mirari</span> <span class='ocrx_word' id='word_1_171' title='bbox 1234 2800 1287 2846; x_wconf 84' lang='lat' dir='ltr'>te</span> <span class='ocrx_word' id='word_1_172' title='bbox 1296 2832 2190 2846; x_wconf 90' lang='grc'><strong>................</strong></span> 
     </span>
     <span class='ocr_line' id='line_1_36' title="bbox 670 2862 1319 2919; baseline -0.003 -13"><span class='ocrx_word' id='word_1_173' title='bbox 670 2863 741 2906; x_wconf 80' lang='lat' dir='ltr'>An</span> <span class='ocrx_word' id='word_1_174' title='bbox 767 2862 1024 2908; x_wconf 85' lang='lat' dir='ltr'>Guidonem</span> <span class='ocrx_word' id='word_1_175' title='bbox 1051 2863 1319 2919; x_wconf 79' lang='lat' dir='ltr'>Septimum.</span> 
     </span>
    </p>
   </div>
   <div class='ocr_carea' id='block_1_21' title="bbox 471 2833 3029 3214">
    <p class='ocr_par' dir='ltr' id='par_1_23' title="bbox 472 2833 3029 3068">
     <span class='ocr_line' id='line_1_37' title="bbox 472 2833 3029 2998; baseline 0 -3"><span class='ocrx_word' id='word_1_176' title='bbox 472 2941 596 2995; x_wconf 87' lang='lat' dir='ltr'>Non</span> <span class='ocrx_word' id='word_1_177' title='bbox 623 2958 748 2995; x_wconf 85' lang='lat' dir='ltr'>sum</span> <span class='ocrx_word' id='word_1_178' title='bbox 778 2942 1000 2998; x_wconf 86' lang='lat' dir='ltr'>oblitus.</span> <span class='ocrx_word' id='word_1_179' title='bbox 1065 2981 2191 2996; x_wconf 88' lang='lat'>....................</span> <span class='ocrx_word' id='word_1_180' title='bbox 2243 2833 2249 2968; x_wconf 43' lang='grc' dir='ltr'>δ</span> <span class='ocrx_word' id='word_1_181' title='bbox 2304 2983 3029 2996; x_wconf 91' lang='grc'><strong>.............</strong></span> 
     </span>
     <span class='ocr_line' id='line_1_38' title="bbox 670 3012 1537 3068; baseline -0.001 -13"><span class='ocrx_word' id='word_1_182' title='bbox 670 3012 739 3055; x_wconf 86' lang='lat' dir='ltr'>Ad</span> <span class='ocrx_word' id='word_1_183' title='bbox 769 3012 1029 3068; x_wconf 82' lang='lat' dir='ltr'>Philippum</span> <span class='ocrx_word' id='word_1_184' title='bbox 1056 3012 1194 3058; x_wconf 76' lang='lat' dir='ltr'>Cerd.</span> <span class='ocrx_word' id='word_1_185' title='bbox 1224 3012 1537 3057; x_wconf 72' lang='lat' dir='ltr'>sabinensem.</span> 
     </span>
    </p>

    <p class='ocr_par' dir='ltr' id='par_1_24' title="bbox 471 2979 3028 3214">
     <span class='ocr_line' id='line_1_39' title="bbox 471 2979 3028 3196; baseline 0.001 -53"><span class='ocrx_word' id='word_1_186' title='bbox 471 3090 595 3144; x_wconf 90' lang='lat' dir='ltr'>Non</span> <span class='ocrx_word' id='word_1_187' title='bbox 622 3097 776 3145; x_wconf 85' lang='lat' dir='ltr'>tuam</span> <span class='ocrx_word' id='word_1_188' title='bbox 800 3092 977 3146; x_wconf 84' lang='lat' dir='ltr'>fateor</span> <span class='ocrx_word' id='word_1_189' title='bbox 1000 3094 1183 3163; x_wconf 79' lang='lat' dir='ltr'>legere</span> <span class='ocrx_word' id='word_1_190' title='bbox 1210 3092 1359 3146; x_wconf 83' lang='lat' dir='ltr'>visus</span> <span class='ocrx_word' id='word_1_191' title='bbox 1366 3130 2193 3144; x_wconf 89' lang='lat'>...............</span> <span class='ocrx_word' id='word_1_192' title='bbox 2244 2979 2252 3196; x_wconf 66' lang='grc' dir='ltr'>ἱ</span> <span class='ocrx_word' id='word_1_193' title='bbox 2303 3130 3028 3146; x_wconf 90' lang='grc'><strong>.............</strong></span> 
     </span>
     <span class='ocr_line' id='line_1_40' title="bbox 668 3160 1644 3214; baseline 0.002 -11"><span class='ocrx_word' id='word_1_194' title='bbox 668 3161 738 3204; x_wconf 79' lang='lat' dir='ltr'>Ad</span> <span class='ocrx_word' id='word_1_195' title='bbox 769 3162 1063 3207; x_wconf 75' lang='lat' dir='ltr'>Francisoum</span> <span class='ocrx_word' id='word_1_196' title='bbox 1093 3163 1165 3205; x_wconf 90' lang='lat' dir='ltr'>Pr.</span> <span class='ocrx_word' id='word_1_197' title='bbox 1197 3161 1274 3206; x_wconf 89' lang='lat' dir='ltr'>SS.</span> <span class='ocrx_word' id='word_1_198' title='bbox 1304 3160 1644 3214; x_wconf 73' lang='lat' dir='ltr'>Apostolorum.</span> 
     </span>
    </p>
   </div>
   <div class='ocr_carea' id='block_1_22' title="bbox 392 3239 2803 3353">
    <p class='ocr_par' dir='ltr' id='par_1_25' title="bbox 392 3239 2803 3353">
     <span class='ocr_line' id='line_1_41' title="bbox 392 3239 2803 3298; baseline -0.002 0"><span class='ocrx_word' id='word_1_199' title='bbox 392 3287 395 3298; x_wconf 69' lang='grc'>,</span> <span class='ocrx_word' id='word_1_200' title='bbox 472 3239 594 3293; x_wconf 92' lang='lat' dir='ltr'>Non</span> <span class='ocrx_word' id='word_1_201' title='bbox 624 3256 816 3294; x_wconf 87' lang='lat' dir='ltr'>vereor</span> <span class='ocrx_word' id='word_1_202' title='bbox 842 3257 913 3293; x_wconf 87' lang='lat' dir='ltr'>ne</span> <span class='ocrx_word' id='word_1_203' title='bbox 940 3257 1029 3294; x_wconf 90' lang='lat' dir='ltr'>me</span> <span class='ocrx_word' id='word_1_204' title='bbox 1054 3241 1284 3295; x_wconf 82' lang='lat' dir='ltr'>irrideas</span> <span class='ocrx_word' id='word_1_205' title='bbox 1292 3280 2194 3294; x_wconf 89' lang='grc'><strong>................</strong></span> <span class='ocrx_word' id='word_1_206' title='bbox 2532 3242 2588 3295; x_wconf 89' lang='lat' dir='ltr'>S.</span> <span class='ocrx_word' id='word_1_207' title='bbox 2623 3240 2714 3294; x_wconf 86' lang='lat' dir='ltr'>lv.</span> <span class='ocrx_word' id='word_1_208' title='bbox 2747 3240 2803 3294; x_wconf 85' lang='lat'>1.</span> 
     </span>
     <span class='ocr_line' id='line_1_42' title="bbox 677 3309 1327 3353; baseline -0.003 -1"><span class='ocrx_word' id='word_1_209' title='bbox 677 3310 745 3353; x_wconf 81' lang='lat' dir='ltr'>Ad</span> <span class='ocrx_word' id='word_1_210' title='bbox 776 3309 1028 3353; x_wconf 83' lang='lat' dir='ltr'>Lueninum</span> <span class='ocrx_word' id='word_1_211' title='bbox 1055 3310 1114 3353; x_wconf 84' lang='lat' dir='ltr'>de</span> <span class='ocrx_word' id='word_1_212' title='bbox 1145 3310 1327 3353; x_wconf 80' lang='lat' dir='ltr'>verme.</span> 
     </span>
    </p>
   </div>
   <div class='ocr_carea' id='block_1_23' title="bbox 474 3388 2802 3504">
    <p class='ocr_par' dir='ltr' id='par_1_26' title="bbox 474 3388 2802 3504">
     <span class='ocr_line' id='line_1_43' title="bbox 474 3388 2802 3461; baseline 0.001 -19"><span class='ocrx_word' id='word_1_213' title='bbox 474 3388 745 3443; x_wconf 85' lang='lat' dir='ltr'>Noveram</span> <span class='ocrx_word' id='word_1_214' title='bbox 775 3396 827 3443; x_wconf 87' lang='lat' dir='ltr'>te</span> <span class='ocrx_word' id='word_1_215' title='bbox 854 3390 1093 3443; x_wconf 83' lang='lat' dir='ltr'>amicum</span> <span class='ocrx_word' id='word_1_216' title='bbox 1124 3390 1366 3461; x_wconf 89' lang='lat' dir='ltr'>olimque</span> <span class='ocrx_word' id='word_1_217' title='bbox 1376 3430 2195 3443; x_wconf 87' lang='grc'><strong>...............</strong></span> <span class='ocrx_word' id='word_1_218' title='bbox 2532 3390 2588 3443; x_wconf 89' lang='lat' dir='ltr'>S.</span> <span class='ocrx_word' id='word_1_219' title='bbox 2621 3389 2716 3443; x_wconf 85' lang='lat' dir='ltr'>vl.</span> <span class='ocrx_word' id='word_1_220' title='bbox 2747 3390 2802 3444; x_wconf 88' lang='grc'>3.</span> 
     </span>
     <span class='ocr_line' id='line_1_44' title="bbox 676 3458 1315 3504; baseline -0.002 -1"><span class='ocrx_word' id='word_1_221' title='bbox 676 3460 745 3504; x_wconf 85' lang='lat' dir='ltr'>Ad</span> <span class='ocrx_word' id='word_1_222' title='bbox 775 3460 1068 3504; x_wconf 71' lang='lat' dir='ltr'>Francisoum</span> <span class='ocrx_word' id='word_1_223' title='bbox 1097 3458 1315 3504; x_wconf 86' lang='lat' dir='ltr'>Brunum.</span> 
     </span>
    </p>
   </div>
   <div class='ocr_carea' id='block_1_24' title="bbox 386 1490 3039 4282">
    <p class='ocr_par' dir='ltr' id='par_1_27' title="bbox 386 1490 391 1529">
     <span class='ocr_line' id='line_1_45' title="bbox 386 1490 391 1529; baseline 0 0"><span class='ocrx_word' id='word_1_224' title='bbox 386 1490 391 1529; x_wconf 65' lang='lat' dir='ltr'>l</span> 
     </span>
    </p>

    <p class='ocr_par' dir='ltr' id='par_1_28' title="bbox 387 1538 391 1585">
     <span class='ocr_line' id='line_1_46' title="bbox 387 1538 391 1585; baseline 0 0"><span class='ocrx_word' id='word_1_225' title='bbox 387 1538 391 1585; x_wconf 93' lang='grc' dir='ltr'>Ι</span> 
     </span>
    </p>

    <p class='ocr_par' dir='ltr' id='par_1_29' title="bbox 388 1856 393 2049">
     <span class='ocr_line' id='line_1_47' title="bbox 388 1856 393 2049; baseline 0 0"><span class='ocrx_word' id='word_1_226' title='bbox 388 1856 393 2049; x_wconf 70' lang='grc' dir='ltr'>ἓ</span> 
     </span>
    </p>

    <p class='ocr_par' dir='ltr' id='par_1_30' title="bbox 389 2106 394 2141">
     <span class='ocr_line' id='line_1_48' title="bbox 389 2106 394 2141; baseline 0 0"><span class='ocrx_word' id='word_1_227' title='bbox 389 2106 394 2141; x_wconf 88' lang='grc' dir='ltr'>ι</span> 
     </span>
    </p>

    <p class='ocr_par' dir='ltr' id='par_1_31' title="bbox 389 2150 394 2185">
     <span class='ocr_line' id='line_1_49' title="bbox 389 2150 394 2185; baseline 0 0"><span class='ocrx_word' id='word_1_228' title='bbox 389 2150 394 2185; x_wconf 88' lang='grc' dir='ltr'>ι</span> 
     </span>
    </p>

    <p class='ocr_par' dir='ltr' id='par_1_32' title="bbox 389 2631 393 2678">
     <span class='ocr_line' id='line_1_50' title="bbox 389 2631 393 2678; baseline 0 0"><span class='ocrx_word' id='word_1_229' title='bbox 389 2631 393 2678; x_wconf 93' lang='grc' dir='ltr'>Ι</span> 
     </span>
    </p>

    <p class='ocr_par' dir='ltr' id='par_1_33' title="bbox 390 2845 394 2880">
     <span class='ocr_line' id='line_1_51' title="bbox 390 2845 394 2880; baseline 0 0"><span class='ocrx_word' id='word_1_230' title='bbox 390 2845 394 2880; x_wconf 93' lang='grc' dir='ltr'>ι</span> 
     </span>
    </p>

    <p class='ocr_par' dir='ltr' id='par_1_34' title="bbox 392 3077 395 3108">
     <span class='ocr_line' id='line_1_52' title="bbox 392 3077 395 3108; baseline 0 0"><span class='ocrx_word' id='word_1_231' title='bbox 392 3077 395 3108; x_wconf 98' lang='grc' dir='ltr'>Ι</span> 
     </span>
    </p>

    <p class='ocr_par' dir='ltr' id='par_1_35' title="bbox 394 3447 397 3480">
     <span class='ocr_line' id='line_1_53' title="bbox 394 3447 397 3480; baseline 0 0"><span class='ocrx_word' id='word_1_232' title='bbox 394 3447 397 3480; x_wconf 66' lang='lat' dir='ltr'>l</span> 
     </span>
    </p>

    <p class='ocr_par' dir='ltr' id='par_1_36' title="bbox 394 3493 3039 3664">
     <span class='ocr_line' id='line_1_54' title="bbox 394 3493 3039 3642; baseline 0.001 -50"><span class='ocrx_word' id='word_1_233' title='bbox 394 3493 400 3642; x_wconf 48' lang='grc' dir='ltr'>ἑ</span> <span class='ocrx_word' id='word_1_234' title='bbox 476 3539 614 3594; x_wconf 77' lang='lat' dir='ltr'>Novi</span> <span class='ocrx_word' id='word_1_235' title='bbox 641 3544 693 3592; x_wconf 88' lang='lat' dir='ltr'>te</span> <span class='ocrx_word' id='word_1_236' title='bbox 721 3539 832 3594; x_wconf 83' lang='lat' dir='ltr'>scio</span> <span class='ocrx_word' id='word_1_237' title='bbox 899 3556 1027 3593; x_wconf 90' lang='lat' dir='ltr'>uam</span> <span class='ocrx_word' id='word_1_238' title='bbox 1056 3539 1125 3593; x_wconf 91' lang='lat' dir='ltr'>de</span> <span class='ocrx_word' id='word_1_239' title='bbox 1151 3555 1295 3592; x_wconf 79' lang='lat' dir='ltr'>meo,</span> <span class='ocrx_word' id='word_1_240' title='bbox 1358 3580 3039 3594; x_wconf 89' lang='lat'>............................</span> 
     </span>
     <span class='ocr_line' id='line_1_55' title="bbox 677 3608 1639 3664; baseline -0.001 -12"><span class='ocrx_word' id='word_1_241' title='bbox 677 3609 749 3653; x_wconf 84' lang='lat' dir='ltr'>Ad</span> <span class='ocrx_word' id='word_1_242' title='bbox 777 3609 863 3655; x_wconf 89' lang='lat' dir='ltr'>Gui</span> <span class='ocrx_word' id='word_1_243' title='bbox 897 3620 1034 3654; x_wconf 87' lang='lat' dir='ltr'>onem</span> <span class='ocrx_word' id='word_1_244' title='bbox 1064 3610 1277 3664; x_wconf 77' lang='lat' dir='ltr'>Archiep.</span> <span class='ocrx_word' id='word_1_245' title='bbox 1307 3608 1639 3653; x_wconf 87' lang='lat' dir='ltr'>Genuensium.</span> 
     </span>
    </p>

    <p class='ocr_par' dir='ltr' id='par_1_37' title="bbox 395 3715 408 4323">
     <span class='ocr_line' id='line_1_56' title="bbox 395 3715 407 4282; baseline 0 41"><span class='ocrx_word' id='word_1_246' title='bbox 395 3715 407 4282; x_wconf 45' lang='lat' dir='ltr'>x</span> 
     </span>
    </p>
   </div>
   <div class='ocr_carea' id='block_1_25' title="bbox 395 3671 3037 3813">
    <p class='ocr_par' dir='ltr' id='par_1_38' title="bbox 395 3671 3037 3813">
     <span class='ocr_line' id='line_1_57' title="bbox 395 3671 3037 3745; baseline 0.002 -6"><span class='ocrx_word' id='word_1_247' title='bbox 395 3671 399 3706; x_wconf 72' lang='lat'>³</span> <span class='ocrx_word' id='word_1_248' title='bbox 476 3687 595 3741; x_wconf 82' lang='lat' dir='ltr'>Nox</span> <span class='ocrx_word' id='word_1_249' title='bbox 622 3688 789 3744; x_wconf 82' lang='lat' dir='ltr'>habet</span> <span class='ocrx_word' id='word_1_250' title='bbox 814 3691 1105 3745; x_wconf 86' lang='lat' dir='ltr'>consilium</span> <span class='ocrx_word' id='word_1_251' title='bbox 1133 3694 1290 3744; x_wconf 84' lang='lat' dir='ltr'>vetus</span> <span class='ocrx_word' id='word_1_252' title='bbox 1316 3695 1417 3743; x_wconf 86' lang='lat' dir='ltr'>est.</span> <span class='ocrx_word' id='word_1_253' title='bbox 1483 3730 3037 3744; x_wconf 88' lang='lat'>..........................</span> 
     </span>
     <span class='ocr_line' id='line_1_58' title="bbox 672 3758 1779 3813; baseline 0.003 -14"><span class='ocrx_word' id='word_1_254' title='bbox 672 3759 740 3800; x_wconf 82' lang='lat' dir='ltr'>Ad</span> <span class='ocrx_word' id='word_1_255' title='bbox 770 3758 1063 3804; x_wconf 76' lang='lat' dir='ltr'>Franciscum</span> <span class='ocrx_word' id='word_1_256' title='bbox 1093 3758 1298 3804; x_wconf 85' lang='lat' dir='ltr'>Priorem</span> <span class='ocrx_word' id='word_1_257' title='bbox 1327 3759 1403 3801; x_wconf 87' lang='lat' dir='ltr'>SS.</span> <span class='ocrx_word' id='word_1_258' title='bbox 1433 3759 1779 3813; x_wconf 77' lang='lat' dir='ltr'>Apostolorum.</span> 
     </span>
    </p>
   </div>
   <div class='ocr_carea' id='block_1_26' title="bbox 478 3834 3031 3953">
    <p class='ocr_par' dir='ltr' id='par_1_39' title="bbox 478 3834 3031 3953">
     <span class='ocr_line' id='line_1_59' title="bbox 478 3834 3031 3904; baseline 0.004 -19"><span class='ocrx_word' id='word_1_259' title='bbox 478 3834 775 3904; x_wconf 82' lang='lat' dir='ltr'>Nunquam</span> <span class='ocrx_word' id='word_1_260' title='bbox 801 3837 986 3892; x_wconf 86' lang='lat' dir='ltr'>hercle</span> <span class='ocrx_word' id='word_1_261' title='bbox 1013 3839 1083 3892; x_wconf 79' lang='lat' dir='ltr'>ad</span> <span class='ocrx_word' id='word_1_262' title='bbox 1107 3855 1196 3892; x_wconf 89' lang='lat' dir='ltr'>me</span> <span class='ocrx_word' id='word_1_263' title='bbox 1223 3839 1419 3894; x_wconf 84' lang='lat' dir='ltr'>litterae</span> <span class='ocrx_word' id='word_1_264' title='bbox 1426 3879 3031 3894; x_wconf 90' lang='grc'><strong>...........................</strong></span> 
     </span>
     <span class='ocr_line' id='line_1_60' title="bbox 674 3904 1411 3953; baseline 0.007 -8"><span class='ocrx_word' id='word_1_265' title='bbox 674 3904 743 3946; x_wconf 80' lang='lat' dir='ltr'>Ad</span> <span class='ocrx_word' id='word_1_266' title='bbox 772 3904 1019 3951; x_wconf 71' lang='lat' dir='ltr'>Barbatum</span> <span class='ocrx_word' id='word_1_267' title='bbox 1047 3908 1411 3953; x_wconf 88' lang='lat' dir='ltr'>Sulmonensem.</span> 
     </span>
    </p>
   </div>
   <div class='ocr_carea' id='block_1_27' title="bbox 478 3981 2199 4114">
    <p class='ocr_par' dir='ltr' id='par_1_40' title="bbox 478 3981 2199 4114">
     <span class='ocr_line' id='line_1_61' title="bbox 478 3981 2199 4050; baseline 0.002 -15"><span class='ocrx_word' id='word_1_268' title='bbox 478 3981 778 4050; x_wconf 86' lang='lat' dir='ltr'>Nunquam</span> <span class='ocrx_word' id='word_1_269' title='bbox 806 3987 919 4035; x_wconf 83' lang='lat' dir='ltr'>tam</span> <span class='ocrx_word' id='word_1_270' title='bbox 946 3984 1219 4040; x_wconf 81' lang='lat' dir='ltr'>obstinato</span> <span class='ocrx_word' id='word_1_271' title='bbox 1246 3988 1482 4043; x_wconf 81' lang='lat' dir='ltr'>silentio.</span> <span class='ocrx_word' id='word_1_272' title='bbox 1542 4027 2199 4040; x_wconf 91' lang='grc'><strong>............</strong></span> 
     </span>
     <span class='ocr_line' id='line_1_62' title="bbox 682 4050 1653 4114; baseline 0.006 -21"><span class='ocrx_word' id='word_1_273' title='bbox 682 4051 750 4094; x_wconf 82' lang='lat' dir='ltr'>Ad</span> <span class='ocrx_word' id='word_1_274' title='bbox 778 4050 1072 4096; x_wconf 75' lang='lat' dir='ltr'>Franciscum</span> <span class='ocrx_word' id='word_1_275' title='bbox 1101 4055 1175 4099; x_wconf 87' lang='lat' dir='ltr'>Pr.</span> <span class='ocrx_word' id='word_1_276' title='bbox 1205 4057 1281 4100; x_wconf 86' lang='lat' dir='ltr'>SS.</span> <span class='ocrx_word' id='word_1_277' title='bbox 1312 4057 1653 4114; x_wconf 79' lang='lat' dir='ltr'>Apostolorum.</span> 
     </span>
    </p>
   </div>
   <div class='ocr_carea' id='block_1_28' title="bbox 482 4130 2814 4256">
    <p class='ocr_par' dir='ltr' id='par_1_41' title="bbox 482 4130 2814 4256">
     <span class='ocr_line' id='line_1_63' title="bbox 482 4130 2814 4201; baseline 0.003 -19"><span class='ocrx_word' id='word_1_278' title='bbox 482 4130 673 4201; x_wconf 87' lang='lat' dir='ltr'>Nuper</span> <span class='ocrx_word' id='word_1_279' title='bbox 698 4130 849 4184; x_wconf 83' lang='lat' dir='ltr'>aliud</span> <span class='ocrx_word' id='word_1_280' title='bbox 875 4133 1055 4200; x_wconf 82' lang='lat' dir='ltr'>agenti</span> <span class='ocrx_word' id='word_1_281' title='bbox 1082 4135 1237 4188; x_wconf 85' lang='lat' dir='ltr'>mihi.</span> <span class='ocrx_word' id='word_1_282' title='bbox 1307 4177 2199 4190; x_wconf 82' lang='grc'><strong>................</strong></span> <span class='ocrx_word' id='word_1_283' title='bbox 2516 4137 2608 4189; x_wconf 87' lang='lat' dir='ltr'>fol.</span> <span class='ocrx_word' id='word_1_284' title='bbox 2638 4134 2684 4189; x_wconf 94' lang='lat'>1.</span> <span class='ocrx_word' id='word_1_285' title='bbox 2715 4134 2814 4188; x_wconf 85' lang='lat' dir='ltr'>iiii.</span> 
     </span>
     <span class='ocr_line' id='line_1_64' title="bbox 680 4199 1369 4256; baseline 0.006 -13"><span class='ocrx_word' id='word_1_286' title='bbox 680 4200 747 4244; x_wconf 84' lang='lat' dir='ltr'>Ad</span> <span class='ocrx_word' id='word_1_287' title='bbox 781 4199 1053 4256; x_wconf 79' lang='lat' dir='ltr'>Ugutlonem</span> <span class='ocrx_word' id='word_1_288' title='bbox 1082 4202 1141 4247; x_wconf 88' lang='lat' dir='ltr'>de</span> <span class='ocrx_word' id='word_1_289' title='bbox 1171 4205 1369 4251; x_wconf 69' lang='lat' dir='ltr'>Tillenis.</span> 
     </span>
    </p>
   </div>
   <div class='ocr_carea' id='block_1_29' title="bbox 2305 4027 3037 4043">
    <p class='ocr_par' dir='ltr' id='par_1_42' title="bbox 2305 4027 3037 4043">
     <span class='ocr_line' id='line_1_65' title="bbox 2305 4027 3037 4043; baseline -0.001 -4"><span class='ocrx_word' id='word_1_290' title='bbox 2305 4027 3037 4043; x_wconf 72' lang='lat'><strong>.............</strong></span> 
     </span>
    </p>
   </div>
  </div>
 </body>
</html>
