3104 4805
929 349 1113 397 121ssssss
1156 349 1441 407 QmN‘rus.
1466 368 1545 379 -
1569 339 1892 396 amsi-om·
1919 349 2064 397 xvn.
2458 334 2577 396 295

422 515 628 578 nova,
660 492 750 565 ab
789 494 1101 566 externis
1129 494 1219 566 ad
1244 501 1483 564 nostra
1510 490 2006 582 transgrediar,
2037 491 2213 563 duos
2248 515 2382 586 ego
2406 495 2569 566 novi

421 619 720 712 pictores
744 617 1092 710 egregios,
1132 639 1260 688 nec
1295 619 1670 687 formosos:
1701 615 1949 685 Iottum
1987 615 2448 690 Florentinum
2475 618 2574 691 ci-

421 764 608 826 vem,
663 741 864 812 cuius
916 740 1094 812 inter
1142 739 1519 812 modernos
1561 740 1742 810 fama
1785 737 2034 828 ingens
2070 747 2210 823 est,
2240 750 2310 810 et
2351 741 2570 816 Simo-

419 885 577 934 nem
606 866 1008 936 Senensem.
1036 862 1212 934 Novi
1243 865 1631 958 sculptores
1672 860 1959 956 aliquot,
2001 860 2127 932 sed
2162 863 2447 935 minoris
2473 867 2573 936 fa-

420 1007 585 1069 mae3
629 1007 714 1057 eo
751 986 937 1059 enim
964 987 1033 1057 in
1069 1008 1324 1080 genere
1360 985 1582 1080 impar
1608 1006 1899 1079 prorsus
1942 992 2056 1055 est
2095 992 2335 1055 nostra
2375 995 2568 1059 aetas.

421 1110 761 1181 Caeterum
803 1121 872 1182 et
912 1111 1044 1183 hoc
1078 1109 1248 1196 vidi,
1286 1118 1357 1180 et
1396 1109 1484 1182 de
1526 1108 1784 1202 quibus
1825 1111 2121 1179 fortasse
2163 1108 2342 1179 alius
2375 1112 2570 1202 plura

417 1232 691 1305 dicendi
729 1236 922 1306 locus
963 1234 1267 1317 dabitur3
1309 1209 1519 1327 opera
1556 1233 1989 1325 singulorum
2032 1230 2122 1304 ab
2173 1232 2573 1305 auctoribus

419 1358 567 1427 suls
600 1359 893 1428 multum
937 1343 1326 1430 differentia
1368 1359 1711 1448 longeque
1763 1355 2115 1427 distantia.
2171 1356 2242 1426 Si
2293 1357 2450 1449 quis
2486 1357 2576 1429 ab

417 1480 519 1550 eis
554 1500 835 1553 causam
879 1490 1257 1575 quaereret,
1297 1479 1820 1574 responderent,
1874 1489 2066 1573 puto,
2122 1503 2259 1552 non
2301 1491 2379 1553 ut
2413 1480 2580 1578 olim,

415 1604 711 1676 Manlius
738 1605 974 1699 pictor,
1004 1606 1123 1698 qui
1157 1605 1248 1677 ab
1272 1583 1511 1676 amicis
1538 1603 2010 1694 interrogatus
2037 1624 2246 1698 super
2270 1625 2537 1676 coenam
2556 1661 2571 1689 ‚

415 1751 540 1799 cur
590 1737 729 1799 tam
780 1729 1124 1801 deformes
1190 1727 1367 1800 filios
1418 1727 1801 1820 genuisset,
1846 1748 2008 1825 cum
2048 1738 2184 1824 tam
2251 1726 2575 1820 pulchras
2661 1707 2666 1714 ’

417 1849 680 1943 figuras
723 1851 1070 1945 pingeret;
1124 1852 1288 1945 quia
1339 1850 1407 1921 in
1460 1854 1643 1934 luce,
1700 1850 1940 1942 inquit,
2000 1850 2235 1943 pingo,
2277 1851 2344 1920 in
2386 1861 2573 1922 tene—

416 1973 561 2044 bris
603 1972 810 2065 fingo.
863 1974 1111 2045 Faceta
1150 1971 1522 2068 responsio
1563 1972 1774 2054 illius;
1816 1972 2066 2043 horum
2093 1972 2344 2056 verior,
2377 1972 2435 2044 si
2470 1971 2575 2044 di-

416 2106 685 2180 cerent,
728 2105 799 2167 et
837 2098 1126 2167 sormam
1162 2095 1473 2190 corporis
1539 2104 1615 2166 et
1678 2073 2059 2185 ingenium,
2126 2115 2287 2187 quae
2349 2095 2568 2165 forma

417 2226 527 2288 est
591 2218 865 2304 animae,
937 2218 1120 2289 unde
1188 2241 1398 2311 opera
1460 2219 1616 2289 haec
1677 2238 1840 2310 quae
1907 2216 2272 2289 laudamus
2334 2238 2414 2288 ac
2447 2216 2578 2286 mi-

417 2362 671 2427 ramur,
741 2344 936 2414 velut
975 2364 1015 2414 e
1056 2345 1273 2428 fonte,
1344 2341 1757 2436 procedunt,
1813 2362 2101 2413 munera
2165 2339 2288 2412 Dei
2353 2340 2575 2412 omni-

414 2464 713 2559 potentis
740 2487 920 2549 esse,
949 2488 1089 2537 non
1123 2464 1503 2551 hominum,
1550 2477 1623 2537 et
1656 2464 1995 2537 sumenda
2043 2486 2201 2537 esse
2252 2487 2388 2536 non
2425 2475 2575 2536 tan-

416 2599 558 2660 tum
600 2609 804 2682 aequo
847 2589 973 2662 sed
1005 2601 1077 2660 et
1117 2600 1314 2682 grato
1355 2590 1608 2674 animO,
1652 2610 1778 2660 seu
1821 2588 2084 2682 largius
2125 2587 2576 2683 provenerint

415 2734 541 2784 seu
596 2715 898 2809 parcius3
975 2732 1145 2785 cum*
1206 2714 1507 2806 gratuita
1568 2713 1732 2796 sint,
1800 2722 1871 2783 et
1932 2712 2314 2783 humanum
2366 2711 2573 2781 meri-

413 2846 556 2907 tum
594 2859 871 2933 semper
910 2838 1273 2909 excedant.
1316 2838 1454 2909 Nec
1494 2836 1585 2909 ab
1635 2835 1911 2906 homine
1964 2834 2185 2928 quaeri
2236 2834 2568 2906 rationem

408 2971 738 3053 oportere,
776 2984 902 3032 cur
946 2964 1104 3056 plus
1156 2960 1479 3032 minusve
1539 2960 1802 3052 aliquid
1855 2960 1944 3031 ab
2007 2959 2120 3030 illo
2172 2958 2316 3043 fiat,
2368 2960 2569 3030 cuius
2643 2976 2646 2981 ’

408 3084 729 3155 voluntas
772 3084 926 3178 ipsa
966 3093 1077 3155 est
1134 3085 1308 3154 ratio
1352 3102 1627 3154 summa
1684 3092 1754 3153 et
1793 3081 2323 3165 inaccessibilis,
2369 3093 2439 3153 et
2478 3080 2566 3151 ad

409 3229 617 3298 quam
651 3209 910 3277 frustra
956 3231 1078 3300 per
1119 3230 1195 3277 se
1223 3207 1450 3298 ipsum
1481 3206 1722 3277 nititur
1747 3204 2097 3276 humanus
2132 3202 2348 3273 labor.
2392 3202 2569 3284 Quia

408 3337 669 3419 quanto
725 3327 983 3396 accedet
1046 3330 1234 3398 homo
1302 3327 1387 3396 ad
1452 3350 1564 3396 cor
1625 3329 1858 3412 altum,
1916 3337 2107 3401 tanto
2159 3325 2566 3394 emaltabitur

410 3450 613 3532 Deus,
657 3459 727 3520 et
762 3451 1087 3520 mortales
1121 3449 1414 3519 intuitus
1456 3448 1724 3520 consilii
1770 3451 1877 3520 sui
1912 3446 2378 3544 profunditate
2422 3450 2568 3519 fru-

412 3571 764 3643 strabitur.
802 3572 879 3640 In
920 3570 1098 3641 hanc
1137 3594 1270 3662 ego
1298 3568 1782 3654 narrationem,
1813 3594 1969 3642 cum
2008 3570 2367 3664 praeterire
2405 3591 2566 3664 pos-

413 3716 576 3777 sem,
625 3704 869 3786 sponte
909 3691 1139 3778 incidi,
1210 3715 1370 3786 quae
1412 3713 1495 3764 eo
1539 3701 1830 3786 spectat,
1861 3716 1947 3764 ne
1977 3693 2247 3764 mireris
2292 3693 2353 3763 si
2395 3693 2561 3765 mihi

410 3837 687 3908 quoque
716 3815 1099 3907 contigerat
1123 3826 1199 3887 ut
1222 3815 1583 3912 pulchram
1614 3814 1989 3887 scriberem
2015 3814 2396 3909 epistolam,
2422 3825 2564 3887 tur-

410 3937 517 4029 pis
576 3959 735 4029 ego:
790 3948 862 4009 et
902 3940 961 4011 si
994 3938 1065 4010 in
1098 3961 1204 4026 ea,
1245 3948 1321 4011 ut
1358 3937 1672 4029 Gregorii
1715 3939 1933 4010 verbo
1978 3950 2166 4023 utar,
2216 3940 2562 4032 pulchrum

408 4059 694 4154 depinoei
730 4064 1086 4149 hominem,
1121 4065 1340 4156 pictor
1367 4060 1599 4155 soedus.
1637 4062 1931 4135 Proinde
1970 4062 2237 4157 species
2278 4085 2382 4149 ea,
2423 4086 2562 4158 qua

410 4207 685 4260 sorores
730 4208 895 4259 suas
937 4186 1049 4259 illa
1083 4186 1434 4270 vincebat,
1475 4194 1546 4257 et
1582 4185 1712 4257 sibi
1747 4185 2109 4279 pereundi,
2148 4186 2409 4257 etmihi
2437 4186 2560 4257 do-
