3104 4805
1150 386 1673 434 PROLEGOMENON.
2427 389 2489 435 Xl

495 525 619 602 Age
652 540 831 587 vero.
869 523 937 586 Si
974 525 1095 587 iam
1130 524 1265 587 inde
1298 526 1372 587 ab
1407 534 1543 589 octo
1577 526 1750 590 annis
1783 528 2084 590 Francisci
2118 529 2384 607 epistolae
2427 531 2488 592 in

338 630 535 691 lucem
566 631 968 710 prodiissent,
1004 635 1238 709 poterat
1271 647 1349 692 ne
1381 630 1655 694 Manilius
1689 633 1763 695 de
1797 632 1912 695 illis
1943 634 2110 712 loqui
2153 634 2246 696 uti
2285 635 2491 713 primi·

342 745 438 799 tus
469 744 529 798 et
559 753 760 816 nuper
792 752 828 799 a
864 753 931 798 se
964 735 1220 815 repertis
1256 734 1318 797 in
1352 736 1708 799 bibliotheca
1733 738 1978 800 Bolani?
2004 738 2208 800 Fuerit
2241 738 2488 816 quidem

339 843 513 919 longe
546 842 623 904 ab
657 842 814 905 urbe
848 840 1141 916 Venetiis,
1176 841 1363 903 fuerit
1394 840 1455 902 in
1490 843 1784 905 extremis
1816 843 1995 906 ltaliae
2030 846 2128 906 vel
2154 845 2490 908 Germaniae

341 949 469 1010 oris
500 955 744 1026 peracta
777 948 960 1010 editio
1002 948 1145 1011 anni
1187 947 1375 1023 1484,
1421 947 1599 1010 cuius
1640 949 1784 1010 latet
1834 947 2005 1011 loeus
2023 971 2043 1025 3
2100 950 2237 1027 quis
2288 953 2490 1014 credat

342 1061 477 1116 octo
508 1071 812 1117 annorum
844 1054 1037 1134 spatio
1070 1054 1297 1117 nullam
1330 1054 1405 1116 de
1438 1069 1508 1116 ea
1548 1054 1832 1117 notitiam
1874 1054 2178 1131 VenetiaS,
2215 1062 2487 1133 portum,

344 1165 410 1220 ut
440 1158 670 1221 alicubi
700 1158 1052 1222 Franciscus
1092 1164 1301 1220 noster
1342 1156 1454 1233 ait,
1498 1164 1640 1221 tunc
1685 1159 1982 1238 temporis
2018 1160 2203 1221 totius
2244 1159 2494 1222 humani

344 1265 616 1342 qeneris,
650 1263 976 1342 appulisse,
1011 1263 1160 1326 adeo
1197 1269 1265 1324 ut
1295 1263 1410 1326 sibi
1435 1263 1691 1341 gloriam
1723 1262 1911 1342 primi
1939 1263 2191 1328 editoris
2219 1263 2491 1328 Manilius

348 1368 685 1431 vindicaret
719 1368 1137 1448 epistolarum,
1171 1384 1308 1446 quae
1343 1370 1467 1433 iam
1501 1370 1761 1447 vulgatae
1795 1384 1904 1448 per
1948 1384 2164 1432 manus
2208 1370 2489 1433 litterato·

346 1489 486 1535 rum
516 1473 841 1536 bominum
871 1473 1222 1536 ferebantur
1243 1476 1274 1536 ἢ
1310 1475 1572 1539 Validius
1603 1480 1805 1537 tamen
1823 1466 2146 1554 'opinionis
2174 1492 2330 1539 meae
2362 1477 2492 1537 fun-

346 1582 699 1644 damentum
731 1580 793 1641 in
826 1596 899 1642 eo
944 1581 1328 1643 statuendum
1365 1583 1643 1654 videtur,
1680 1582 1840 1655 quod
1875 1596 1941 1642 se
1973 1580 2246 1644 Manilius
2279 1582 2490 1645 recisse

346 1693 551 1749 narrat
577 1686 640 1747 in
666 1686 915 1762 litteris„
952 1700 1100 1763 quas
1134 1685 1197 1747 in
1233 1686 1449 1751 Codice
1474 1685 1799 1750 Bolaniano
1826 1686 2055 1763 absque
2080 1688 2197 1750 ulla
2222 1687 2489 1764 designa·

346 1792 513 1853 tione
533 1773 938 1870 personarum
957 1792 1180 1870 quibus
1200 1791 1500 1872 inscriptae
1522 1792 1764 1853 fuerant
1787 1788 2114 1852 invenerat.
2135 1792 2249 1853 Eas
2272 1791 2493 1871 quippe

256 1966 262 1971 ,
348 1897 611 1959 duarum
660 1896 1007 1961 litterarum
1050 1897 1114 1959 T.
1158 1896 1229 1961 M.
1286 1896 1478 1960 indice
1521 1895 1831 1959 distinctas
1872 1892 2130 1958 edidisse
2171 1911 2237 1957 se
2278 1897 2492 1973 refert,

346 2001 523 2063 cuius
566 2002 818 2080 quidem
858 2002 951 2064 rei
990 2018 1188 2081 quum
1228 2004 1458 2064 nullam
1500 2001 1628 2080 ipse
1671 2000 1974 2063 rationem
2018 2000 2298 2074 adducat,
2349 2001 2495 2078 quid

350 2123 557 2186 reapse
586 2107 809 2170 litteris
853 2108 967 2170 illis
1005 2108 1411 2188 singularibus
1463 2106 1898 2186 significaverit
1949 2122 2202 2185 prorsus
2255 2107 2491 2184 ignora-

354 2222 524 2269 mus:
554 2209 897 2270 coniectare
932 2215 1129 2271 tamen
1161 2207 1307 2270 libet
1338 2223 1483 2270 eum
1516 2208 1722 2269 forsan
1758 2205 1911 2268 iuris
1950 2205 2259 2268 consultos
2298 2205 2492 2268 imita·

353 2319 508 2388 tum,
533 2313 646 2390 qui
677 2328 894 2375 servos
925 2312 1280 2392 peregrinos
1322 2312 1603 2391 filiosque
1644 2311 1900 2374 familias
1939 2312 2132 2391 eapite
2172 2312 2372 2373 minui
2408 2312 2492 2374 di-

350 2425 598 2493 xerunt,
655 2417 881 2481 litteras
934 2418 1112 2481 hasce
1178 2419 1375 2481 Tibula
1434 2418 1610 2497 quasi
1667 2418 1860 2496 capite
1918 2418 2188 2482 Minutas
2239 2417 2312 2480 ab
2363 2417 2494 2479 aliis

349 2539 663 2586 secernere
715 2523 1003 2587 voluisse.
1042 2524 1165 2587 Iam
1209 2540 1360 2588 vero
1396 2524 1448 2585 si
1482 2539 1603 2602 qua
1646 2524 1943 2586 extitisset
1987 2529 2123 2586 ante
2166 2540 2301 2586 ann.
2338 2525 2491 2587 1492

353 2629 536 2691 altera
588 2631 982 2709 epistolarum
1045 2630 1257 2708 editio,
1321 2647 1515 2710 quum
1584 2631 1658 2693 ad
1718 2629 1964 2693 alterius
2024 2630 2247 2693 codicis
2312 2630 2493 2693 fidem

355 2733 489 2796 fieri
547 2735 891 2812 debuisset,
951 2737 1180 2800 litteras
1251 2752 1402 2815 quas
1459 2735 1733 2798 Manilius
1798 2736 1971 2814 signo
2044 2735 2108 2798 T.
2179 2735 2250 2798 M.
2314 2737 2491 2798 adno-

353 2839 527 2916 tavit,
578 2841 680 2902 vel
732 2841 980 2904 nomine
1036 2841 1278 2904 illorum
1333 2842 1560 2921 quibus
1613 2841 1915 2921 inscriptae
1970 2847 2176 2916 erant,
2232 2843 2329 2903 vel
2381 2842 2492 2904 alia

352 2948 599 3008 omnino
632 2953 774 3009 nota
807 2963 948 3025 quae
977 2948 1242 3009 nominis
1277 2946 1437 3010 illius
1469 2947 1773 3011 defectum
1807 2948 2148 3009 ostenderet
2189 2945 2494 3007 distinctas

353 3051 742 3114 exhibuisset.
778 3051 959 3130 Atqui
994 3051 1213 3114 Veneta
1246 3052 1431 3116 editio
1474 3069 1614 3131 quae
1654 3051 1939 3113 undecim
1979 3056 2115 3129 post
2155 3047 2326 3112 annis
2372 3049 2492 3128 pri·

353 3173 515 3219 mam
566 3157 731 3220 illam
781 3164 872 3220 est
912 3158 1284 3236 subsequuta
1328 3156 1456 3237 (eas
1497 3157 1721 3236 quippe
1765 3157 1824 3217 in
1869 3155 2185 3219 intervallo
2226 3161 2494 3234 peractas

354 3264 668 3325 consulere
700 3280 820 3325 non
855 3261 1220 3342 potuimus),
1242 3279 1363 3325 non
1388 3263 1505 3325 alio
1540 3264 1715 3340 signo
1741 3279 1926 3341 quam
1961 3261 2316 3324 earumdem
2341 3260 2490 3322 litte·

360 3383 561 3430 rarum
598 3367 662 3429 T.
699 3366 771 3430 M.
806 3368 1086 3447 epistolas
1120 3367 1248 3431 illas
1275 3367 1584 3432 adnotavit
1593 3390 1611 3444 3
1648 3384 1784 3446 quae
1819 3384 1969 3431 vero
2001 3366 2216 3430 deinde
2250 3364 2493 3428 Basileae

356 3481 410 3534 et
442 3473 719 3551 Lugduni
752 3473 1111 3552 prodierunt
1141 3475 1285 3537 falsa
1318 3491 1574 3554 prorsus
1607 3473 1741 3537 eius
1773 3481 1933 3536 notae
1974 3470 2492 3551 interpretatione,

366 3578 595 3656 Thomae
635 3579 1016 3642 Messanensi
1056 3577 1521 3656 inscripserunt,
1565 3581 1638 3643 ad
1678 3595 1863 3657 quem
1904 3594 2006 3641 eas
2050 3577 2268 3638 missas
2308 3574 2496 3635 fuisse

358 3688 414 3742 et
444 3687 795 3760 temporum
842 3680 995 3743 ratio
1030 3686 1090 3742 et
1132 3698 1346 3744 rerum
1389 3699 1527 3761 quae
1572 3682 1632 3744 in
1674 3682 1751 3743 iis
1791 3682 2076 3758 leguntur
2116 3682 2330 3739 natura
2370 3692 2494 3738 cre·

358 3785 497 3847 dere
532 3792 762 3862 vetant,
795 3790 979 3864 prout
1011 3785 1382 3849 enucleatius
1425 3788 1815 3849 ostendemus
1857 3783 1918 3845 in
1956 3780 2494 3844 animadversioni-

360 3891 470 3953 bus
502 3892 726 3969 quibus
760 3892 987 3954 litteras
1020 3892 1150 3955 illas
1185 3891 1377 3956 italice
1411 3909 1623 3955 versas
1657 3887 2109 3955 declarabimus,
2145 3888 2204 3951 Id
2238 3886 2495 3965 denique

358 4002 631 4058 notatum
650 3995 860 4071 velim,
884 3995 1216 4072 Manilium,
1250 3998 1311 4059 in
1346 4014 1414 4061 ea
1449 4000 1525 4062 de
1559 4013 1677 4075 qua
1711 3994 1837 4060 dixi
1872 3995 2067 4058 littera
2088 3996 2163 4059 ad
2180 3995 2492 4069 Bolanum,

359 4101 700 4178 professum
731 4100 921 4164 ruisse
951 4101 1233 4164 nonnulla
1268 4119 1405 4179 quae
1438 4099 1764 4182 quamdam
1788 4099 2135 4163 barbariem
2158 4099 2496 4162 referebant

362 4223 437 4268 ex
468 4207 762 4272 Petrarcae
797 4207 1064 4286 epistolis
1105 4222 1170 4270 se
1209 4224 1540 4284 resecasse;
1585 4207 1840 4284 eiusque
1884 4208 1972 4270 rei
2014 4205 2359 4284 exemplum
2400 4204 2494 4264 de·
