3104 4805
548 349 623 410 62
1214 359 1296 406 DE
1339 357 1539 406 annus
1585 357 2022 408 rummiens

542 509 734 582 lestis
776 507 1147 591 adscribat,
1191 516 1437 578 caveat
1474 506 1936 592 insolentiam,
1978 519 2050 579 et
2084 530 2245 579 cum
2294 512 2509 582 multa
2557 513 2691 585 hu-

541 631 824 702 militate
855 633 1124 702 fruatur
1155 628 1561 700 muneribus
1601 628 1747 713 Dei,
1789 639 1861 700 et
1895 651 2104 701 suum
2144 630 2389 725 apibus
2423 656 2687 707 morem
2760 726 2763 730 Α

540 755 823 847 linquat.
859 754 999 825 Nos
1037 763 1284 838 autem,
1323 752 1577 847 quibus
1612 775 1752 824 non
1785 762 1922 824 tam
1949 775 2200 845 magna
2226 756 2682 848 contigerunt,

544 899 709 971 apes
735 875 989 948 imitari
1014 897 1152 947 non
1175 876 1454 968 pudeat.
1480 876 1627 948 111ae
1651 875 1959 969 quidem,
1990 887 2066 947 ut
2086 877 2417 969 Virgilius
2451 889 2688 951 noster

542 998 664 1083 ait,

860 1111 1229 1176 Venturae....
1261 1104 1500 1190 hyemis
1532 1127 1868 1189 memoreS,
1903 1118 2106 1176 aestate
2137 1113 2405 1183 laborem

862 1210 1303 1291 Experiuntur,
1335 1217 1398 1272 et
1424 1211 1482 1271 in
1519 1211 1794 1274 medium
1826 1212 2082 1291 quaesita
2114 1220 2431 1293 reponunt.

543 1407 1006 1500 Experiamur
1046 1416 1116 1476 et
1146 1427 1274 1477 nos
1317 1407 1483 1477 dum
1520 1415 1792 1500 tempus
1831 1416 1965 1492 est,
2008 1407 2178 1478 dum
2216 1409 2436 1478 fervet
2485 1418 2682 1494 aetaS,

543 1541 614 1601 et
651 1533 842 1621 viget
874 1527 1247 1621 ingenium.
1287 1530 1438 1599 Non
1468 1540 1918 1623 expectemus
1953 1530 2177 1602 donec
2221 1530 2438 1622 frigus
2490 1552 2690 1602 sene-

545 1651 749 1724 ctutis
790 1652 1095 1746 obrepat,
1141 1662 1212 1724 et
1253 1652 1523 1723 aestivae
1574 1651 1861 1724 claritati
1912 1651 2149 1726 nubila
2197 1651 2486 1724 hiberna
2536 1675 2690 1725 suc-

546 1776 814 1849 cedant.
855 1778 957 1848 De
996 1776 1241 1869 apibus
1284 1776 1468 1870 apud
1501 1777 1822 1848 eumdem
1856 1786 2128 1869 poetam
2156 1775 2478 1868 legimus,
2507 1775 2690 1871 quod

544 1923 662 1972 GflS

1338 2020 1540 2078 aestate
1574 2023 1765 2091 nova,
1798 2029 1907 2093 per
1942 2015 2128 2077 florea
2161 2030 2308 2076 rura

864 2113 1123 2176 Exercet
1156 2112 1269 2174 sub
1303 2111 1429 2174 sole
1461 2112 1650 2175 labor.

547 2300 636 2370 Et
674 2302 922 2371 iterum
963 2301 1096 2372 alio
1136 2302 1310 2385 loc0,
1353 2300 1540 2393 quod
1580 2302 1717 2377 illae

1613 2471 1674 2536 in
1706 2474 1925 2553 pratis,
1959 2480 2163 2538 aestate
2197 2489 2438 2550 serena,

861 2565 1145 2632 Floribus
1170 2566 1440 2633 insidunt
1474 2571 1692 2650 variis,
1726 2579 1786 2635 et
1817 2573 2061 2637 candida
2094 2573 2330 2636 circum

866 2663 1011 2728 Lilia
1045 2666 1416 2732 funduntur:
1452 2670 1661 2751 strepit
1697 2670 1895 2733 omnis
1927 2686 2250 2732 murmure
2282 2686 2549 2750 campus.

544 2835 616 2905 Si
656 2838 981 2909 volumus
1022 2840 1256 2935 itaque
1289 2843 1649 2915 consilium
1689 2842 1780 2914 ad
1819 2841 2178 2912 utilitatem
2228 2852 2535 2914 nostram
2587 2848 2687 2915 la—

544 2960 680 3029 tius
722 2962 1130 3049 extendere,
1173 2985 1635 3059 quaecumque
1666 2965 1756 3033 de
1793 2962 2038 3056 apibus
2080 2965 2335 3058 scripta
2375 2977 2557 3051 sunt,
2597 2969 2683 3039 ad

542 3081 866 3154 humanae
906 3083 1322 3157 inventionis
1363 3081 1775 3155 industriam
1824 3084 2220 3156 referamus.
2277 3086 2509 3158 AEstas
2564 3111 2687 3160 no-

543 3213 686 3276 stra
719 3206 886 3299 quid
924 3216 1034 3277 est
1065 3206 1275 3292 aliud,
1320 3206 1455 3275 nisi
1487 3214 1661 3276 aetas
1712 3204 1846 3277 ista
1894 3204 2338 3298 flagrantior?
2385 3210 2683 3281 Rursus:

539 3328 710 3420 quid
741 3338 852 3399 est
890 3327 1146 3418 algenti
1180 3326 1448 3397 hrumae
1490 3325 1809 3414 similius,
1836 3352 2046 3424 quam
2078 3336 2445 3405 senectus‘?
2469 3332 2688 3416 Quem

543 3473 710 3524 vero
745 3461 907 3522 tune
943 3447 1142 3521 nobis
1185 3449 1393 3521 huius
1419 3452 1752 3544 temporis
1779 3462 1900 3524 aut
1923 3454 2042 3525 otii
2071 3457 2371 3528 fructum
2409 3477 2693 3549 speran-

542 3574 708 3647 dum
775 3596 936 3646 esse
984 3573 1461 3667 proponimuS‚
1514 3597 1692 3670 quas
1741 3575 2000 3669 ingenii
2048 3599 2345 3667 messeS,
2401 3581 2460 3651 si
2509 3601 2693 3650 nunc

543 3698 713 3771 facie
746 3698 998 3773 laboris
1029 3698 1344 3771 exterriti
1382 3704 1787 3773 cessamus?
1819 3701 2002 3786 Quid
2024 3724 2117 3773 ex
2143 3703 2410 3775 horreis
2435 3702 2690 3775 nostris

544 3822 911 3910 posteritas
949 3825 1143 3908 feret,
1183 3823 1244 3894 si
1275 3823 1545 3896 desidia
1586 3836 1894 3919 torpente
1933 3827 2427 3900 consistimus?

1178 3961 1195 3986 .

865 4005 1072 4071 Nudus
1104 4026 1235 4086 ara,
1271 4026 1406 4072 sere
1448 4011 1672 4074 nudus:
1707 4012 1919 4090 hyems
1952 4011 2167 4090 ignava
2199 4014 2428 4076 colono.

551 4191 686 4265 Sed
725 4214 812 4264 ne
851 4194 941 4266 ab
974 4196 1221 4290 apibus
1256 4201 1346 4272 ad
1378 4203 1657 4274 colonos
1690 4201 2033 4274 dilabatur
2064 4201 2306 4284 oratio,
2343 4218 2525 4270 nunc
2567 4217 2686 4290 po-
