3104 4805
1145 357 1666 409 PROLssGonssnon.
2346 366 2468 415 XXV

952 629 1218 700 INDEX
1284 628 1850 704 LITTERARUM

614 867 756 916 Qua:
793 867 867 908 AB
904 866 1094 908 lumen
1129 867 1606 910 uenmmmnno
1643 868 1892 910 Expuncl
1928 868 2168 911 nanum.

315 1631 663 1685 Adscensum
693 1626 913 1681 Zenobii
919 1667 1264 1683 .......
1304 1630 1407 1684 Est
1419 1646 1566 1701 pars
1585 1630 1772 1684 altera
1789 1630 1900 1701 Ep.
1921 1630 1996 1685 14
2018 1632 2137 1687 Lib.
2162 1634 2269 1688 XX
2285 1635 2450 1689 Fam.

318 1720 506 1774 Amice
532 1718 672 1771 dum
701 1716 977 1786 singulare
984 1757 1260 1770 ......
1301 1717 1432 1772 Non
1458 1723 1539 1772 est
1563 1718 1860 1772 Petrarcoe
1886 1719 2153 1789 epistola,
2173 1724 2272 1775 sed
2297 1724 2454 1778 Dan-

1407 1807 1533 1860 duli
1560 1807 1638 1860 ad
1663 1823 1815 1860 eum.

318 1895 542 1949 Diverso
569 1909 764 1948 rerum
790 1897 950 1947 statu.
1015 1934 1261 1947 .....
1304 1894 1554 1963 Incipit:
1608 1893 1687 1947 De
1739 1895 1993 1949 universo
2046 1913 2234 1950 rerum
2280 1904 2454 1967 statu;

1404 1987 1595 2052 eatque
1622 1981 1786 2036 Fam.
1820 1984 1923 2051 IV,
1951 1984 2010 2039 4.

320 2075 586 2129 Dominus
612 2071 840 2126 amicus,
898 2112 1257 2126 .......
1303 2071 1556 2142 Incipit:
1602 2070 1923 2129 Communis
1967 2074 2176 2131 amicus
2198 2096 2211 2143 ;
2266 2085 2456 2148 estque

1405 2161 1569 2215 Fam.
1604 2162 1830 2231 XVIII,
1865 2163 1958 2220 11.
2195 2154 2200 2163 ⁸

320 2252 384 2306 Et
407 2252 580 2305 amice
608 2265 776 2322 quem
781 2291 1253 2305 .........
1296 2252 1549 2323 Incipit:
1614 2252 1689 2306 Te
1753 2254 1924 2307 amice
1989 2270 2156 2325 quem
2180 2274 2194 2322 ;
2265 2262 2458 2328 estque

1402 2342 1537 2395 Sen.
1573 2340 1747 2410 xm,
1780 2340 1874 2395 14.

320 2432 466 2487 Felix
494 2448 663 2503 quem
691 2447 907 2485 summa
932 2431 1215 2486 virtutum.
1244 2473 1257 2484 .
1298 2431 1392 2486 Ex
1414 2431 1590 2486 Codd.
1618 2431 1664 2494 Q
1692 2435 1746 2484 et
1771 2446 1803 2484 a
1821 2436 1985 2501 patet
2012 2448 2126 2485 esec
2153 2433 2452 2503 epistolam

1403 2521 1561 2575 Com.
1592 2519 1906 2591 Battisollii
1930 2522 2008 2575 ad
2034 2522 2395 2578 Petrarcam.

319 2611 474 2665 Haud
500 2609 757 2682 equidem
784 2608 970 2679 fugam
977 2650 1250 2662 ......
1294 2607 1425 2662 Νοη
1451 2612 1531 2662 est
1564 2608 1858 2662 Petrarcae
1895 2610 2165 2679 epistola,
2202 2615 2302 2668 sed
2341 2615 2452 2670 Gu-

1402 2698 1586 2752 lielmi
1612 2697 1679 2751 de
1708 2697 2044 2769 Pastrenyo.
2187 2697 2192 2703 ’

315 2790 463 2844 Heus
488 2806 615 2845 care
642 2789 975 2861 quibusnam
981 2829 1255 2841 ......
1298 2787 1436 2842 Haec
1462 2803 1684 2858 quoque
1710 2787 1889 2842 missa
1915 2794 1995 2843 est
2019 2791 2089 2844 ab
2118 2793 2315 2846 eodem
2336 2795 2450 2848 Gu-

1403 2878 1595 2932 lielmo
1623 2879 1699 2931 ad
1727 2878 1791 2932 F.
1823 2879 2184 2933 Petrarcam.

312 2970 411 3024 nic
435 2985 527 3024 me
553 2967 776 3023 Laelius.
832 3007 1252 3020 ........
1293 2966 1433 3020 Hoec
1463 2972 1544 3020 est
1573 2983 1722 3036 parc
1750 2968 1938 3021 altera
1968 2968 2177 3021 litteroe
2204 2985 2334 3038 quae
2362 2970 2449 3023 in-

1397 3055 1567 3126 cipit:
1597 3056 1704 3109 Pro
1731 3055 1836 3109 hoc
1864 3061 1974 3109 tam
2001 3055 2155 3109 mihi.

311 3150 596 3221 ingentem
624 3146 761 3201 mihi
787 3145 1112 3201 molestiam.
1181 3186 1193 3198 .
1239 3187 1252 3198 .
1293 3145 1517 3200 Eadem
1551 3150 1632 3199 est
1669 3162 1736 3199 ac
1772 3163 1861 3217 ep.
1908 3145 1937 3200 1
1981 3145 2104 3200 Lib.
2145 3146 2216 3201 ΙΙ
2257 3146 2447 3216 Fam„

1388 3236 1596 3307 paucis
1622 3236 1878 3290 mutatis.

314 3325 747 3397 Indignationem
775 3328 926 3377 tuam
954 3322 1208 3394 pertimui
1236 3364 1248 3376 .
1291 3323 1468 3378 Eaetat
1512 3324 1578 3377 in
1625 3324 1759 3378 Cod.
1805 3326 1880 3393 Q,
1927 3330 2117 3396 estque
2155 3342 2193 3378 a
2232 3325 2447 3380 Comite

1394 3412 1715 3484 Battisollio
1741 3415 1819 3468 ad
1841 3415 2187 3470 Petrarcam
2211 3414 2409 3467 missa.

315 3504 508 3559 Laelius
534 3503 777 3575 antiquis
784 3542 1250 3556 .........
1292 3501 1394 3556 Est
1416 3503 1782 3574 epiqramma
1802 3505 2091 3559 adiectum
2112 3504 2321 3557 litterae
2340 3503 2446 3555 Pro

1393 3592 1496 3647 hoc
1522 3599 1636 3647 tam
1664 3594 1819 3646 mihi.

314 3681 508 3736 Morari
535 3696 625 3735 me
652 3679 824 3733 Ticini
831 3719 1249 3732 ........
1291 3678 1427 3733 Hoec
1453 3697 1491 3733 α
1509 3680 1701 3734 Modio
1720 3678 2033 3733 Parmensi
2059 3677 2344 3746 inscripta
2372 3676 2446 3728 le-

1392 3769 1552 3839 9itur
1578 3769 1875 3822 Petrarcoe
1904 3767 1967 3819 in
1999 3765 2133 3821 Cod.
2166 3764 2229 3818 G.

312 3858 447 3914 Nolo
474 3858 694 3913 mireris
720 3859 767 3912 si
793 3859 851 3913 in
877 3874 964 3913 me
971 3899 1252 3912 ......
1295 3857 1431 3912 Haec
1465 3863 1546 3912 est
1576 3873 1722 3929 pars
1751 3856 1857 3910 litt.
1890 3855 1929 3909 4
1957 3855 2079 3910 Lib.
2113 3854 2255 3909 XIV
2276 3854 2441 3909 Fam.

314 3947 485 4002 Tenes
512 3947 779 4002 memoria
804 3946 949 4002 diem
954 3988 1249 4002 ......
1289 3947 1455 4001 Hanc
1481 3948 1560 4001 ad
1576 3946 1921 4002 Petrarcam
1946 3945 2104 3999 misit
2127 3945 2445 4000 Gulielmius

1396 4036 1464 4090 de
1492 4035 1828 4104 Paatrenyo.

314 4123 571 4179 Nondum
598 4125 961 4181 satisfeceram
968 4165 1252 4179 ......
1293 4125 1395 4180 Est
1415 4141 1562 4196 pars
1591 4124 1698 4178 litt.
1731 4123 1767 4178 7
1794 4123 1916 4179 Lib.
1956 4124 2103 4179 VIII
2123 4123 2287 4178 Fam.

317 4214 440 4270 Oris
464 4215 713 4311 ingentes
739 4215 1014 4287 epistolae.
1067 4255 1079 4267 .
1125 4254 1138 4266 .
1184 4253 1196 4266 .
1240 4254 1253 4267 .
1295 4213 1547 4284 Incipit:
1577 4213 1710 4269 Tres
1737 4212 1985 4284 ingentes
2011 4213 2282 4284 epistolas.
