3104 4805
981 391 1166 440 Lim-:R
1208 391 1880 441 ramus—emmona
1925 392 1963 439 1.
2459 381 2524 440 31

406 539 616 623 nient,
658 537 782 607 sed
823 537 1177 608 mordaces
1219 540 1425 610 etiam
1463 552 1531 611 et
1570 540 1818 610 lividos
1859 539 2307 610 detractores:
2348 542 2535 631 quod

402 660 696 754 quisque
747 660 895 730 suis
955 660 1376 753 temporibus
1434 673 1765 755 expertus
1829 672 1956 731 est.
2017 661 2196 744 Quid
2252 661 2537 752 Virgilio

404 784 624 856 maius
661 781 904 853 habuit
934 783 1170 874 lingua
1202 784 1462 855 latina?
1493 785 1772 878 Reperit
1807 796 2033 855 tamen
2068 784 2204 867 ille,
2240 784 2359 875 qui
2397 806 2535 854 non

406 916 703 1000 poetam,
744 905 867 976 sed
903 916 1242 999 raptorem
1284 906 1660 977 alienarum
1693 906 2178 988 inventionum,
2215 915 2284 975 et
2313 915 2538 976 trans-

406 1031 686 1100 latorem
737 1028 1012 1100 diceret.
1066 1029 1221 1121 lpse
1270 1039 1498 1100 autem
1546 1040 1617 1099 et
1665 1029 1917 1119 ingenii
1969 1026 2244 1113 fiducia,
2310 1039 2381 1098 et
2436 1028 2538 1097 iu-

407 1152 553 1223 dice
585 1154 800 1223 fretus
835 1150 1167 1241 Augusto,
1198 1153 1334 1222 alto
1367 1152 1595 1222 animo
1628 1150 2019 1223 invidorum
2054 1152 2269 1222 verba
2296 1151 2541 1242 despe-

409 1274 527 1345 xit.
586 1273 735 1343 Tibi
790 1273 1068 1366 quidem
1129 1295 1450 1364 magnam
1510 1274 1765 1365 ingenii
1831 1274 2317 1345 conscientiam
2381 1295 2539 1344 esse

411 1396 570 1465 scio.
625 1395 760 1467 Sed
811 1395 928 1465 ubi
968 1394 1312 1487 Agustum
1362 1395 1654 1466 iudicem
1704 1396 2041 1479 invenies,
2084 1418 2288 1488 quem
2336 1396 2540 1466 enixe

409 1516 780 1588 admodum
832 1528 1037 1609 atque
1084 1517 1406 1588 omnibus
1459 1518 1682 1589 modis
1734 1518 2027 1608 ingeniis
2069 1518 2176 1589 sui
2218 1518 2540 1610 temporis

409 1641 662 1713 favisse
698 1651 1124 1733 compertum
1164 1644 1312 1712 est‘?
1343 1640 1573 1712 Nostri
1607 1662 1807 1730 reges
1849 1641 1936 1712 de
1976 1640 2337 1733 saporibus
2376 1664 2544 1733 epu-

410 1763 658 1847 larum,
698 1773 768 1833 et
806 1763 894 1833 de
936 1765 1167 1834 volatu
1220 1763 1453 1833 avium
1502 1762 1805 1834 iudicare
1851 1772 2175 1855 possunt;
2216 1763 2304 1834 de
2352 1764 2544 1855 inge-

412 1885 543 1956 niis
583 1885 935 1956 hominum
976 1909 1114 1958 non
1154 1898 1464 1979 possunt.
1508 1886 1716 1969 Quod·
1761 1885 1821 1953 si
1869 1887 2040 1955 forte
2079 1906 2547 1978 praesumpse-

415 2006 576 2092 rint,
622 2009 959 2099 superbiae
1000 2019 1226 2080 tumor
1265 2009 1532 2103 aperire
1571 2010 1807 2079 oculos
1858 2017 1977 2078 aut
2026 2006 2324 2092 flectere,
2368 2019 2438 2078 et
2477 2008 2544 2079 in

414 2152 653 2201 verum
720 2129 929 2222 figere
986 2155 1126 2205 non
1193 2133 1375 2204 sinit.
1445 2134 1681 2225 ltaque
1737 2152 1826 2202 ne
1881 2129 2048 2221 quid
2110 2151 2261 2200 suae
2320 2132 2544 2202 aetatis

415 2251 761 2345 suspicere
788 2252 1172 2339 videantur,
1201 2255 1536 2327 mirantur
1561 2263 1861 2334 veteres3
1894 2273 2072 2344 quos
2106 2273 2360 2323 novere
2385 2274 2546 2323 con-

415 2384 758 2456 temnunt,
819 2386 897 2448 ut
950 2378 1426 2450 defunctorum
1486 2380 1637 2450 laus
1698 2375 2080 2450 viventium
2138 2377 2545 2449 contumelia

418 2519 553 2567 non
595 2509 810 2569 vacet.
845 2500 1023 2571 Inter
1073 2501 1202 2572 hos
1253 2501 1511 2573 iudices
1564 2500 1940 2572 vivendum
1981 2500 2548 2592 moriendumque

416 2617 616 2689 nobis
665 2631 798 2705 est,
849 2632 921 2693 et
972 2622 1191 2716 (quod
1237 2634 1347 2695 est
1392 2622 1669 2717 durius)
1718 2623 2101 2695 tacendum.
2156 2622 2283 2693 Ubi
2331 2623 2542 2706 enim,

418 2751 491 2812 ut
546 2742 716 2829 dixi,
781 2743 1171 2836 Augustum
1234 2746 1525 2818 iudicem
1576 2750 2019 2840 quaeremus?
2069 2746 2293 2817 Unum
2343 2745 2549 2816 habet

416 2865 639 2942 ltalia:
693 2868 831 2939 imo
881 2891 1047 2940 vero
1097 2881 1433 2942 terrarum
1483 2869 1672 2941 orbis
1725 2891 1937 2938 unum
1997 2867 2239 2937 hahet:
2292 2865 2551 2935 Rober-

420 3000 559 3061 tum
619 2992 920 3066 Siculum
974 3016 1228 3084 regem.
1281 2995 1651 3065 Fortunata
1681 2990 2032 3083 NeapoliS‚
2069 3010 2230 3082 quae
2269 2986 2547 3058 unicum

362 3147 373 3160 2
422 3116 655 3186 saeculi
706 3116 926 3188 nostri
976 3118 1186 3189 decus
1239 3116 1751 3210 incomparabili
1791 3112 2102 3185 felicitate
2153 3111 2389 3182 sortita
2426 3112 2540 3180 es!

417 3235 813 3323 Fortunata,
876 3239 1194 3332 inquam,
1246 3250 1316 3311 et
1365 3239 1705 3311 invidiosa
1769 3236 2118 3329 NeapoliS‚
2175 3234 2548 3305 litterarum

421 3358 666 3430 domus
718 3361 1240 3453 augustissima,
1295 3383 1455 3455 quae
1498 3362 1567 3434 si
1616 3360 1876 3432 Maroni
1928 3356 2276 3452 quondam
2329 3355 2548 3427 dulcis

421 3479 577 3552 visa
612 3503 718 3566 eS,
754 3495 1011 3576 quanto
1052 3508 1237 3556 nunc
1268 3485 1531 3557 dulcior
1565 3483 1924 3566 videreriS,
1962 3480 2079 3550 ubi
2120 3478 2550 3568 ingeniorum

420 3624 499 3673 ac
557 3605 941 3677 studiorum
991 3608 1437 3701 aequissimus
1503 3605 1881 3676 aestimator
1945 3600 2251 3671 habitat?
2314 3594 2423 3665 Ad
2486 3605 2551 3665 te

420 3728 767 3816 confugiat
819 3720 1160 3824 quisquis
1189 3729 1462 3821 ingenio
1517 3725 1684 3806 fidit.
1737 3728 1972 3817 Neque
2020 3742 2188 3791 vero
2238 3717 2552 3789 differen-

421 3846 588 3918 dum
622 3862 838 3941 putet:
883 3866 1202 3949 suspecta
1240 3876 1431 3925 mora
1470 3862 1598 3923 est.
1642 3851 1925 3920 Devexa
1974 3843 2155 3914 enim
2203 3852 2309 3912 est
2350 3852 2546 3926 ἔρως,

418 3980 486 4040 et
524 3973 825 4044 mundus
881 3976 1016 4048 iam
1057 3976 1321 4070 pridem
1368 3998 1452 4045 eo
1500 3995 1734 4045 carcre
1755 4028 1770 4056 ‚
1822 3980 1892 4040 et
1937 3969 2086 4063 ipse
2136 3967 2224 4038 ad
2274 3966 2551 4036 meliora

421 4114 630 4184 regna
675 4099 965 4170 transire
999 4099 1309 4182 merituS,
1347 4117 1725 4190 vereorque
1765 4117 1851 4164 ne
1885 4095 2167 4163 multam
2209 4092 2354 4184 ipse
2385 4089 2551 4159 mihi

421 4236 595 4289 serae
623 4218 1046 4312 poenitentiae
1072 4220 1423 4291 materiam
1452 4219 1851 4312 prolatando
1877 4215 2292 4310 quaesierim.
2313 4211 2549 4282 Omnis
