<?xml version="1.0" encoding="UTF-8"?>
<!DOCTYPE html PUBLIC "-//W3C//DTD XHTML 1.0 Transitional//EN"
    "http://www.w3.org/TR/xhtml1/DTD/xhtml1-transitional.dtd">
<html xmlns="http://www.w3.org/1999/xhtml" xml:lang="en" lang="en">
 <head>
  <title>
</title>
<meta http-equiv="Content-Type" content="text/html;charset=utf-8" />
  <meta name='ocr-system' content='tesseract 3.04.00' />
  <meta name='ocr-capabilities' content='ocr_page ocr_carea ocr_par ocr_line ocrx_word'/>
</head>
<body>
  <div class='ocr_page' id='page_1' title='image "./epistolaederebu00unkngoog_0511.png"; bbox 0 0 3104 4805; ppageno 0'>
   <div class='ocr_carea' id='block_1_1' title="bbox 913 389 2504 450">
    <p class='ocr_par' dir='ltr' id='par_1_1' title="bbox 913 389 2504 450">
     <span class='ocr_line' id='line_1_1' title="bbox 913 389 2504 450; baseline 0.004 -6"><span class='ocrx_word' id='word_1_1' title='bbox 913 396 1099 445; x_wconf 72' lang='lat' dir='ltr'><strong>mnan</strong></span> <span class='ocrx_word' id='word_1_2' title='bbox 1142 398 1826 448; x_wconf 43' lang='lat' dir='ltr'><strong>sunus—mmmm</strong></span> <span class='ocrx_word' id='word_1_3' title='bbox 1871 402 1926 447; x_wconf 82' lang='lat' dir='ltr'><strong>v,</strong></span> <span class='ocrx_word' id='word_1_4' title='bbox 2385 389 2504 450; x_wconf 67' lang='lat'><strong>343</strong></span> 
     </span>
    </p>
   </div>
   <div class='ocr_carea' id='block_1_2' title="bbox 244 524 2515 4321">
    <p class='ocr_par' dir='ltr' id='par_1_2' title="bbox 244 524 2515 4321">
     <span class='ocr_line' id='line_1_2' title="bbox 360 524 2505 635; baseline 0.003 -23"><span class='ocrx_word' id='word_1_5' title='bbox 360 565 511 614; x_wconf 91' lang='lat' dir='ltr'><strong>rara</strong></span> <span class='ocrx_word' id='word_1_6' title='bbox 552 541 856 625; x_wconf 85' lang='lat' dir='ltr'><strong>felicitaS‚</strong></span> <span class='ocrx_word' id='word_1_7' title='bbox 894 542 1051 635; x_wconf 89' lang='lat' dir='ltr'><strong>quis</strong></span> <span class='ocrx_word' id='word_1_8' title='bbox 1086 563 1223 613; x_wconf 92' lang='lat' dir='ltr'><strong>non</strong></span> <span class='ocrx_word' id='word_1_9' title='bbox 1272 542 1513 614; x_wconf 78' lang='lat' dir='ltr'><strong>videt‘?</strong></span> <span class='ocrx_word' id='word_1_10' title='bbox 1563 524 1734 613; x_wconf 91' lang='lat' dir='ltr'><strong>Cum</strong></span> <span class='ocrx_word' id='word_1_11' title='bbox 1775 553 1847 613; x_wconf 90' lang='lat' dir='ltr'><strong>et</strong></span> <span class='ocrx_word' id='word_1_12' title='bbox 1891 544 1959 613; x_wconf 93' lang='lat' dir='ltr'><strong>in</strong></span> <span class='ocrx_word' id='word_1_13' title='bbox 1997 544 2129 616; x_wconf 91' lang='lat' dir='ltr'><strong>hoc</strong></span> <span class='ocrx_word' id='word_1_14' title='bbox 2162 547 2326 618; x_wconf 82' lang='lat' dir='ltr'><strong>vitae</strong></span> <span class='ocrx_word' id='word_1_15' title='bbox 2369 554 2505 618; x_wconf 88' lang='lat' dir='ltr'><strong>tra-</strong></span> 
     </span>
     <span class='ocr_line' id='line_1_3' title="bbox 359 663 2506 760; baseline 0 -24"><span class='ocrx_word' id='word_1_16' title='bbox 359 666 521 736; x_wconf 84' lang='lat' dir='ltr'><strong>mite</strong></span> <span class='ocrx_word' id='word_1_17' title='bbox 581 664 638 735; x_wconf 91' lang='lat' dir='ltr'><strong>si</strong></span> <span class='ocrx_word' id='word_1_18' title='bbox 713 664 965 735; x_wconf 91' lang='lat' dir='ltr'><strong>acriter</strong></span> <span class='ocrx_word' id='word_1_19' title='bbox 1041 664 1380 749; x_wconf 90' lang='lat' dir='ltr'><strong>intueare,</strong></span> <span class='ocrx_word' id='word_1_20' title='bbox 1461 667 1895 757; x_wconf 83' lang='lat' dir='ltr'><strong>fortunaeque</strong></span> <span class='ocrx_word' id='word_1_21' title='bbox 1968 663 2288 760; x_wconf 81' lang='lat' dir='ltr'><strong>phaleras</strong></span> <span class='ocrx_word' id='word_1_22' title='bbox 2354 667 2506 740; x_wconf 88' lang='lat' dir='ltr'><strong>dili-</strong></span> 
     </span>
     <span class='ocr_line' id='line_1_4' title="bbox 359 788 2508 881; baseline 0.003 -24"><span class='ocrx_word' id='word_1_23' title='bbox 359 796 600 879; x_wconf 78' lang='lat' dir='ltr'>genter</span> <span class='ocrx_word' id='word_1_24' title='bbox 662 788 1007 871; x_wconf 82' lang='lat' dir='ltr'><strong>excutiaS‚</strong></span> <span class='ocrx_word' id='word_1_25' title='bbox 1064 809 1272 859; x_wconf 91' lang='lat' dir='ltr'><strong>nemo</strong></span> <span class='ocrx_word' id='word_1_26' title='bbox 1326 809 1621 881; x_wconf 85' lang='lat' dir='ltr'><strong>usquam</strong></span> <span class='ocrx_word' id='word_1_27' title='bbox 1680 809 1849 858; x_wconf 90' lang='lat' dir='ltr'><strong>vere</strong></span> <span class='ocrx_word' id='word_1_28' title='bbox 1900 788 2092 872; x_wconf 82' lang='lat' dir='ltr'><strong>felix,</strong></span> <span class='ocrx_word' id='word_1_29' title='bbox 2147 800 2265 860; x_wconf 92' lang='lat' dir='ltr'><strong>aut</strong></span> <span class='ocrx_word' id='word_1_30' title='bbox 2315 802 2508 864; x_wconf 87' lang='lat' dir='ltr'><strong>voto-</strong></span> 
     </span>
     <span class='ocr_line' id='line_1_5' title="bbox 361 911 2503 1006; baseline 0.001 -24"><span class='ocrx_word' id='word_1_31' title='bbox 361 934 509 982; x_wconf 92' lang='lat' dir='ltr'><strong>rum</strong></span> <span class='ocrx_word' id='word_1_32' title='bbox 538 913 737 1005; x_wconf 93' lang='lat' dir='ltr'><strong>plene</strong></span> <span class='ocrx_word' id='word_1_33' title='bbox 764 934 1045 1005; x_wconf 92' lang='lat' dir='ltr'><strong>compos</strong></span> <span class='ocrx_word' id='word_1_34' title='bbox 1081 922 1396 984; x_wconf 90' lang='lat' dir='ltr'><strong>occurrat</strong></span> <span class='ocrx_word' id='word_1_35' title='bbox 1431 936 1446 995; x_wconf 92' lang='lat'>;</span> <span class='ocrx_word' id='word_1_36' title='bbox 1479 920 1579 997; x_wconf 89' lang='lat' dir='ltr'><strong>et,</strong></span> <span class='ocrx_word' id='word_1_37' title='bbox 1616 911 1805 1006; x_wconf 90' lang='lat' dir='ltr'><strong>apud</strong></span> <span class='ocrx_word' id='word_1_38' title='bbox 1838 911 2207 1005; x_wconf 84' lang='lat' dir='ltr'>scriptores</span> <span class='ocrx_word' id='word_1_39' title='bbox 2242 935 2503 1000; x_wconf 90' lang='lat' dir='ltr'><strong>rerum,</strong></span> 
     </span>
     <span class='ocr_line' id='line_1_6' title="bbox 361 1033 2512 1129; baseline 0.001 -24"><span class='ocrx_word' id='word_1_40' title='bbox 361 1036 488 1105; x_wconf 81' lang='lat' dir='ltr'><strong>vix</strong></span> <span class='ocrx_word' id='word_1_41' title='bbox 539 1035 855 1106; x_wconf 88' lang='lat' dir='ltr'><strong>comitem</strong></span> <span class='ocrx_word' id='word_1_42' title='bbox 928 1058 1136 1106; x_wconf 92' lang='lat' dir='ltr'><strong>unum</strong></span> <span class='ocrx_word' id='word_1_43' title='bbox 1204 1036 1444 1129; x_wconf 92' lang='lat' dir='ltr'><strong>procul</strong></span> <span class='ocrx_word' id='word_1_44' title='bbox 1492 1036 1564 1105; x_wconf 93' lang='lat' dir='ltr'><strong>in</strong></span> <span class='ocrx_word' id='word_1_45' title='bbox 1621 1035 1878 1106; x_wconf 86' lang='lat' dir='ltr'><strong>ultimis</strong></span> <span class='ocrx_word' id='word_1_46' title='bbox 1944 1033 2292 1107; x_wconf 84' lang='lat' dir='ltr'><strong>Arcadum</strong></span> <span class='ocrx_word' id='word_1_47' title='bbox 2344 1039 2512 1108; x_wconf 88' lang='lat' dir='ltr'><strong>late-</strong></span> 
     </span>
     <span class='ocr_line' id='line_1_7' title="bbox 362 1156 2510 1242; baseline 0.001 -15"><span class='ocrx_word' id='word_1_48' title='bbox 362 1157 504 1227; x_wconf 83' lang='lat' dir='ltr'><strong>bris</strong></span> <span class='ocrx_word' id='word_1_49' title='bbox 573 1158 739 1228; x_wconf 83' lang='lat' dir='ltr'><strong>felix</strong></span> <span class='ocrx_word' id='word_1_50' title='bbox 802 1158 914 1229; x_wconf 87' lang='lat' dir='ltr'><strong>ille</strong></span> <span class='ocrx_word' id='word_1_51' title='bbox 965 1157 1244 1230; x_wconf 89' lang='lat' dir='ltr'><strong>habitus</strong></span> <span class='ocrx_word' id='word_1_52' title='bbox 1294 1158 1613 1229; x_wconf 83' lang='lat' dir='ltr'><strong>Metellus</strong></span> <span class='ocrx_word' id='word_1_53' title='bbox 1678 1158 2035 1229; x_wconf 90' lang='lat' dir='ltr'><strong>invenerit.</strong></span> <span class='ocrx_word' id='word_1_54' title='bbox 2098 1156 2369 1242; x_wconf 89' lang='lat' dir='ltr'><strong>Quibus</strong></span> <span class='ocrx_word' id='word_1_55' title='bbox 2418 1159 2510 1231; x_wconf 89' lang='lat' dir='ltr'><strong>ita</strong></span> 
     </span>
     <span class='ocr_line' id='line_1_8' title="bbox 361 1279 2508 1374; baseline 0 -22"><span class='ocrx_word' id='word_1_56' title='bbox 361 1302 438 1352; x_wconf 93' lang='lat' dir='ltr'><strong>se</strong></span> <span class='ocrx_word' id='word_1_57' title='bbox 500 1279 948 1367; x_wconf 83' lang='lat' dir='ltr'><strong>habentibus,</strong></span> <span class='ocrx_word' id='word_1_58' title='bbox 1003 1281 1161 1374; x_wconf 91' lang='lat' dir='ltr'><strong>quis</strong></span> <span class='ocrx_word' id='word_1_59' title='bbox 1221 1281 1536 1367; x_wconf 91' lang='lat' dir='ltr'><strong>miretur,</strong></span> <span class='ocrx_word' id='word_1_60' title='bbox 1593 1290 1670 1352; x_wconf 95' lang='lat' dir='ltr'><strong>ut</strong></span> <span class='ocrx_word' id='word_1_61' title='bbox 1717 1281 1787 1351; x_wconf 91' lang='lat' dir='ltr'><strong>in</strong></span> <span class='ocrx_word' id='word_1_62' title='bbox 1837 1280 2194 1353; x_wconf 90' lang='lat' dir='ltr'><strong>hominum</strong></span> <span class='ocrx_word' id='word_1_63' title='bbox 2237 1281 2508 1353; x_wconf 93' lang='lat' dir='ltr'><strong>turbam</strong></span> 
     </span>
     <span class='ocr_line' id='line_1_9' title="bbox 359 1403 2512 1497; baseline 0.001 -22"><span class='ocrx_word' id='word_1_64' title='bbox 359 1403 662 1475; x_wconf 88' lang='lat' dir='ltr'><strong>coniecta</strong></span> <span class='ocrx_word' id='word_1_65' title='bbox 708 1404 1010 1496; x_wconf 90' lang='lat' dir='ltr'><strong>spicula,</strong></span> <span class='ocrx_word' id='word_1_66' title='bbox 1057 1404 1164 1476; x_wconf 64' lang='lat' dir='ltr'><strong>sic‘</strong></span> <span class='ocrx_word' id='word_1_67' title='bbox 1198 1405 1267 1475; x_wconf 90' lang='lat' dir='ltr'><strong>in</strong></span> <span class='ocrx_word' id='word_1_68' title='bbox 1307 1405 1702 1497; x_wconf 81' lang='lat' dir='ltr'><strong>congeriem</strong></span> <span class='ocrx_word' id='word_1_69' title='bbox 1745 1406 2099 1476; x_wconf 90' lang='lat' dir='ltr'><strong>malorum·</strong></span> <span class='ocrx_word' id='word_1_70' title='bbox 2131 1404 2345 1477; x_wconf 89' lang='lat' dir='ltr'><strong>missa</strong></span> <span class='ocrx_word' id='word_1_71' title='bbox 2386 1428 2512 1477; x_wconf 87' lang='lat' dir='ltr'><strong>va-</strong></span> 
     </span>
     <span class='ocr_line' id='line_1_10' title="bbox 359 1524 2510 1621; baseline 0.003 -27"><span class='ocrx_word' id='word_1_72' title='bbox 359 1524 586 1596; x_wconf 88' lang='lat' dir='ltr'><strong>ticinia</strong></span> <span class='ocrx_word' id='word_1_73' title='bbox 628 1546 765 1596; x_wconf 87' lang='lat' dir='ltr'><strong>non</strong></span> <span class='ocrx_word' id='word_1_74' title='bbox 804 1548 1063 1613; x_wconf 89' lang='lat' dir='ltr'><strong>errare,</strong></span> <span class='ocrx_word' id='word_1_75' title='bbox 1108 1536 1323 1621; x_wconf 90' lang='lat' dir='ltr'><strong>utque</strong></span> <span class='ocrx_word' id='word_1_76' title='bbox 1362 1528 1452 1601; x_wconf 88' lang='lat' dir='ltr'><strong>ad</strong></span> <span class='ocrx_word' id='word_1_77' title='bbox 1495 1527 1740 1597; x_wconf 91' lang='lat' dir='ltr'><strong>vivum</strong></span> <span class='ocrx_word' id='word_1_78' title='bbox 1793 1526 1936 1611; x_wconf 93' lang='lat' dir='ltr'><strong>illa,</strong></span> <span class='ocrx_word' id='word_1_79' title='bbox 1985 1527 2085 1598; x_wconf 90' lang='lat' dir='ltr'><strong>sic</strong></span> <span class='ocrx_word' id='word_1_80' title='bbox 2132 1527 2221 1600; x_wconf 90' lang='lat' dir='ltr'><strong>ad</strong></span> <span class='ocrx_word' id='word_1_81' title='bbox 2261 1549 2510 1600; x_wconf 90' lang='lat' dir='ltr'><strong>verum</strong></span> 
     </span>
     <span class='ocr_line' id='line_1_11' title="bbox 357 1648 2512 1743; baseline 0.002 -26"><span class='ocrx_word' id='word_1_82' title='bbox 357 1648 490 1720; x_wconf 90' lang='lat' dir='ltr'><strong>ista</strong></span> <span class='ocrx_word' id='word_1_83' title='bbox 524 1649 962 1742; x_wconf 76' lang='lat' dir='ltr'><strong>pertingere?</strong></span> <span class='ocrx_word' id='word_1_84' title='bbox 994 1651 1384 1736; x_wconf 85' lang='lat' dir='ltr'><strong>Meministi,</strong></span> <span class='ocrx_word' id='word_1_85' title='bbox 1423 1649 1659 1736; x_wconf 90' lang='lat' dir='ltr'><strong>amice,</strong></span> <span class='ocrx_word' id='word_1_86' title='bbox 1698 1659 1773 1720; x_wconf 95' lang='lat' dir='ltr'><strong>ut</strong></span> <span class='ocrx_word' id='word_1_87' title='bbox 1806 1648 1966 1720; x_wconf 92' lang='lat' dir='ltr'><strong>olim</strong></span> <span class='ocrx_word' id='word_1_88' title='bbox 2004 1671 2315 1743; x_wconf 88' lang='lat' dir='ltr'><strong>praesens</strong></span> <span class='ocrx_word' id='word_1_89' title='bbox 2350 1673 2512 1723; x_wconf 90' lang='lat' dir='ltr'><strong>ver-</strong></span> 
     </span>
     <span class='ocr_line' id='line_1_12' title="bbox 358 1769 2513 1864; baseline 0.003 -25"><span class='ocrx_word' id='word_1_90' title='bbox 358 1769 493 1854; x_wconf 91' lang='lat' dir='ltr'><strong>bis,</strong></span> <span class='ocrx_word' id='word_1_91' title='bbox 539 1773 707 1843; x_wconf 88' lang='lat' dir='ltr'><strong>vivo</strong></span> <span class='ocrx_word' id='word_1_92' title='bbox 746 1772 1005 1858; x_wconf 88' lang='lat' dir='ltr'><strong>adhuc,</strong></span> <span class='ocrx_word' id='word_1_93' title='bbox 1049 1797 1215 1847; x_wconf 87' lang='lat' dir='ltr'><strong>mox</strong></span> <span class='ocrx_word' id='word_1_94' title='bbox 1255 1773 1563 1847; x_wconf 86' lang='lat' dir='ltr'><strong>extincto</strong></span> <span class='ocrx_word' id='word_1_95' title='bbox 1597 1794 1790 1864; x_wconf 84' lang='lat' dir='ltr'><strong>rege,</strong></span> <span class='ocrx_word' id='word_1_96' title='bbox 1828 1771 1941 1843; x_wconf 92' lang='lat' dir='ltr'><strong>cui</strong></span> <span class='ocrx_word' id='word_1_97' title='bbox 1977 1771 2105 1843; x_wconf 93' lang='lat' dir='ltr'><strong>soli</strong></span> <span class='ocrx_word' id='word_1_98' title='bbox 2142 1793 2346 1843; x_wconf 92' lang='lat' dir='ltr'><strong>suum</strong></span> <span class='ocrx_word' id='word_1_99' title='bbox 2380 1773 2513 1846; x_wconf 91' lang='lat' dir='ltr'><strong>hoc</strong></span> 
     </span>
     <span class='ocr_line' id='line_1_13' title="bbox 358 1893 2514 1989; baseline 0.001 -25"><span class='ocrx_word' id='word_1_100' title='bbox 358 1901 426 1964; x_wconf 89' lang='lat' dir='ltr'><strong>et</strong></span> <span class='ocrx_word' id='word_1_101' title='bbox 466 1894 816 1988; x_wconf 91' lang='lat' dir='ltr'><strong>proprium</strong></span> <span class='ocrx_word' id='word_1_102' title='bbox 860 1918 1108 1969; x_wconf 92' lang='lat' dir='ltr'><strong>nomen</strong></span> <span class='ocrx_word' id='word_1_103' title='bbox 1148 1897 1296 1983; x_wconf 83' lang='lat' dir='ltr'><strong>fuit,</strong></span> <span class='ocrx_word' id='word_1_104' title='bbox 1335 1896 1593 1968; x_wconf 89' lang='lat' dir='ltr'><strong>absens</strong></span> <span class='ocrx_word' id='word_1_105' title='bbox 1633 1893 1908 1981; x_wconf 88' lang='lat' dir='ltr'><strong>litteris,</strong></span> <span class='ocrx_word' id='word_1_106' title='bbox 1946 1916 2075 1966; x_wconf 90' lang='lat' dir='ltr'><strong>nec</strong></span> <span class='ocrx_word' id='word_1_107' title='bbox 2108 1897 2325 1967; x_wconf 90' lang='lat' dir='ltr'><strong>multo</strong></span> <span class='ocrx_word' id='word_1_108' title='bbox 2356 1906 2514 1989; x_wconf 91' lang='lat' dir='ltr'><strong>post</strong></span> 
     </span>
     <span class='ocr_line' id='line_1_14' title="bbox 358 2018 2512 2112; baseline 0.002 -25"><span class='ocrx_word' id='word_1_109' title='bbox 358 2039 671 2111; x_wconf 84' lang='lat' dir='ltr'><strong>praesens</strong></span> <span class='ocrx_word' id='word_1_110' title='bbox 728 2018 978 2092; x_wconf 90' lang='lat' dir='ltr'><strong>iterum</strong></span> <span class='ocrx_word' id='word_1_111' title='bbox 1005 2077 1021 2103; x_wconf 91' lang='lat'><strong>,</strong></span> <span class='ocrx_word' id='word_1_112' title='bbox 1082 2020 1249 2093; x_wconf 87' lang='lat' dir='ltr'><strong>viva</strong></span> <span class='ocrx_word' id='word_1_113' title='bbox 1305 2042 1479 2092; x_wconf 86' lang='lat' dir='ltr'><strong>voce</strong></span> <span class='ocrx_word' id='word_1_114' title='bbox 1535 2039 1674 2090; x_wconf 91' lang='lat' dir='ltr'><strong>non</strong></span> <span class='ocrx_word' id='word_1_115' title='bbox 1739 2018 1889 2089; x_wconf 90' lang='lat' dir='ltr'><strong>sine</strong></span> <span class='ocrx_word' id='word_1_116' title='bbox 1961 2018 2279 2112; x_wconf 84' lang='lat' dir='ltr'><strong>suspiriis</strong></span> <span class='ocrx_word' id='word_1_117' title='bbox 2344 2019 2512 2112; x_wconf 89' lang='lat' dir='ltr'><strong>quid</strong></span> 
     </span>
     <span class='ocr_line' id='line_1_15' title="bbox 356 2140 2512 2236; baseline 0.002 -27"><span class='ocrx_word' id='word_1_118' title='bbox 356 2141 714 2226; x_wconf 85' lang='lat' dir='ltr'><strong>sentirem,</strong></span> <span class='ocrx_word' id='word_1_119' title='bbox 771 2142 1029 2236; x_wconf 87' lang='lat' dir='ltr'><strong>quidve</strong></span> <span class='ocrx_word' id='word_1_120' title='bbox 1073 2142 1142 2212; x_wconf 93' lang='lat' dir='ltr'><strong>in</strong></span> <span class='ocrx_word' id='word_1_121' title='bbox 1181 2151 1539 2236; x_wconf 88' lang='lat' dir='ltr'><strong>posterum</strong></span> <span class='ocrx_word' id='word_1_122' title='bbox 1589 2140 2068 2234; x_wconf 84' lang='lat' dir='ltr'><strong>praesagirem‚</strong></span> <span class='ocrx_word' id='word_1_123' title='bbox 2125 2142 2327 2234; x_wconf 90' lang='lat' dir='ltr'><strong>quasi</strong></span> <span class='ocrx_word' id='word_1_124' title='bbox 2375 2142 2512 2213; x_wconf 86' lang='lat' dir='ltr'><strong>iam</strong></span> 
     </span>
     <span class='ocr_line' id='line_1_16' title="bbox 355 2261 2512 2357; baseline 0 -25"><span class='ocrx_word' id='word_1_125' title='bbox 355 2273 517 2334; x_wconf 93' lang='lat' dir='ltr'><strong>tunc</strong></span> <span class='ocrx_word' id='word_1_126' title='bbox 543 2264 820 2336; x_wconf 90' lang='lat' dir='ltr'><strong>venturi</strong></span> <span class='ocrx_word' id='word_1_127' title='bbox 854 2274 1116 2348; x_wconf 91' lang='lat' dir='ltr'><strong>certus,</strong></span> <span class='ocrx_word' id='word_1_128' title='bbox 1158 2264 1478 2357; x_wconf 89' lang='lat' dir='ltr'><strong>explicui.</strong></span> <span class='ocrx_word' id='word_1_129' title='bbox 1506 2262 1843 2335; x_wconf 89' lang='lat' dir='ltr'><strong>Videbam</strong></span> <span class='ocrx_word' id='word_1_130' title='bbox 1872 2263 2054 2334; x_wconf 90' lang='lat' dir='ltr'><strong>enim</strong></span> <span class='ocrx_word' id='word_1_131' title='bbox 2083 2261 2512 2334; x_wconf 89' lang='lat' dir='ltr'><strong>subtractum</strong></span> 
     </span>
     <span class='ocr_line' id='line_1_17' title="bbox 355 2385 2513 2481; baseline -0.001 -21"><span class='ocrx_word' id='word_1_132' title='bbox 355 2389 550 2481; x_wconf 91' lang='lat' dir='ltr'><strong>regni</strong></span> <span class='ocrx_word' id='word_1_133' title='bbox 590 2390 865 2481; x_wconf 89' lang='lat' dir='ltr'><strong>fastigio</strong></span> <span class='ocrx_word' id='word_1_134' title='bbox 904 2387 1473 2472; x_wconf 89' lang='lat' dir='ltr'><strong>fundamentum;</strong></span> <span class='ocrx_word' id='word_1_135' title='bbox 1518 2396 1856 2480; x_wconf 77' lang='lat' dir='ltr'><strong>erantque</strong></span> <span class='ocrx_word' id='word_1_136' title='bbox 1910 2385 2044 2458; x_wconf 90' lang='lat' dir='ltr'><strong>sub</strong></span> <span class='ocrx_word' id='word_1_137' title='bbox 2092 2386 2311 2459; x_wconf 86' lang='lat' dir='ltr'><strong>oculis</strong></span> <span class='ocrx_word' id='word_1_138' title='bbox 2360 2408 2513 2457; x_wconf 90' lang='lat' dir='ltr'><strong>cor-</strong></span> 
     </span>
     <span class='ocr_line' id='line_1_18' title="bbox 356 2508 2511 2604; baseline -0.002 -21"><span class='ocrx_word' id='word_1_139' title='bbox 356 2513 616 2584; x_wconf 90' lang='lat' dir='ltr'><strong>ruentis</strong></span> <span class='ocrx_word' id='word_1_140' title='bbox 659 2511 871 2603; x_wconf 85' lang='lat' dir='ltr'><strong>regiae</strong></span> <span class='ocrx_word' id='word_1_141' title='bbox 911 2533 1166 2603; x_wconf 89' lang='lat' dir='ltr'><strong>graves</strong></span> <span class='ocrx_word' id='word_1_142' title='bbox 1207 2534 1436 2583; x_wconf 91' lang='lat' dir='ltr'><strong>casus.</strong></span> <span class='ocrx_word' id='word_1_143' title='bbox 1476 2513 1696 2604; x_wconf 91' lang='lat' dir='ltr'><strong>Caput</strong></span> <span class='ocrx_word' id='word_1_144' title='bbox 1738 2508 2195 2581; x_wconf 89' lang='lat' dir='ltr'><strong>adolescentis</strong></span> <span class='ocrx_word' id='word_1_145' title='bbox 2240 2510 2511 2581; x_wconf 88' lang='lat' dir='ltr'><strong>innocui</strong></span> 
     </span>
     <span class='ocr_line' id='line_1_19' title="bbox 356 2632 2512 2728; baseline -0.001 -25"><span class='ocrx_word' id='word_1_146' title='bbox 356 2632 650 2726; x_wconf 92' lang='lat' dir='ltr'><strong>primum</strong></span> <span class='ocrx_word' id='word_1_147' title='bbox 703 2634 1009 2705; x_wconf 87' lang='lat' dir='ltr'><strong>omnium</strong></span> <span class='ocrx_word' id='word_1_148' title='bbox 1052 2634 1183 2705; x_wconf 90' lang='lat' dir='ltr'><strong>hac</strong></span> <span class='ocrx_word' id='word_1_149' title='bbox 1223 2633 1421 2705; x_wconf 90' lang='lat' dir='ltr'><strong>ruina</strong></span> <span class='ocrx_word' id='word_1_150' title='bbox 1470 2654 1887 2728; x_wconf 89' lang='lat' dir='ltr'><strong>oppressum</strong></span> <span class='ocrx_word' id='word_1_151' title='bbox 1928 2632 2041 2714; x_wconf 93' lang='lat' dir='ltr'><strong>iri,</strong></span> <span class='ocrx_word' id='word_1_152' title='bbox 2087 2635 2330 2715; x_wconf 89' lang='lat' dir='ltr'><strong>fateor,</strong></span> <span class='ocrx_word' id='word_1_153' title='bbox 2374 2652 2512 2702; x_wconf 90' lang='lat' dir='ltr'><strong>non</strong></span> 
     </span>
     <span class='ocr_line' id='line_1_20' title="bbox 352 2742 2513 2853; baseline 0 -28"><span class='ocrx_word' id='word_1_154' title='bbox 352 2756 700 2828; x_wconf 87' lang='lat' dir='ltr'><strong>videbam.</strong></span> <span class='ocrx_word' id='word_1_155' title='bbox 743 2757 987 2829; x_wconf 93' lang='lat' dir='ltr'><strong>Nescio</strong></span> <span class='ocrx_word' id='word_1_156' title='bbox 1027 2757 1196 2850; x_wconf 89' lang='lat' dir='ltr'><strong>quid</strong></span> <span class='ocrx_word' id='word_1_157' title='bbox 1228 2742 1551 2829; x_wconf 86' lang='lat' dir='ltr'><strong>obstabat</strong></span> <span class='ocrx_word' id='word_1_158' title='bbox 1593 2754 1921 2853; x_wconf 84' lang='lat' dir='ltr'><strong>feralibus</strong></span> <span class='ocrx_word' id='word_1_159' title='bbox 1955 2753 2397 2838; x_wconf 88' lang='lat' dir='ltr'><strong>coniecturis,</strong></span> <span class='ocrx_word' id='word_1_160' title='bbox 2442 2754 2513 2826; x_wconf 91' lang='lat' dir='ltr'><strong>id</strong></span> 
     </span>
     <span class='ocr_line' id='line_1_21' title="bbox 356 2877 2513 2974; baseline -0.002 -24"><span class='ocrx_word' id='word_1_161' title='bbox 356 2902 567 2951; x_wconf 93' lang='lat' dir='ltr'><strong>unum</strong></span> <span class='ocrx_word' id='word_1_162' title='bbox 594 2877 779 2973; x_wconf 87' lang='lat' dir='ltr'><strong>quod</strong></span> <span class='ocrx_word' id='word_1_163' title='bbox 813 2879 883 2949; x_wconf 93' lang='lat' dir='ltr'><strong>in</strong></span> <span class='ocrx_word' id='word_1_164' title='bbox 918 2880 1117 2952; x_wconf 90' lang='lat' dir='ltr'><strong>malis</strong></span> <span class='ocrx_word' id='word_1_165' title='bbox 1153 2880 1532 2974; x_wconf 90' lang='lat' dir='ltr'><strong>pessimum</strong></span> <span class='ocrx_word' id='word_1_166' title='bbox 1577 2891 1726 2952; x_wconf 90' lang='lat' dir='ltr'><strong>erat</strong></span> <span class='ocrx_word' id='word_1_167' title='bbox 1760 2878 2198 2951; x_wconf 90' lang='lat' dir='ltr'><strong>abscondens</strong></span> <span class='ocrx_word' id='word_1_168' title='bbox 2226 2902 2241 2960; x_wconf 92' lang='grc'>;</span> <span class='ocrx_word' id='word_1_169' title='bbox 2270 2899 2513 2970; x_wconf 92' lang='lat' dir='ltr'><strong>quam-</strong></span> 
     </span>
     <span class='ocr_line' id='line_1_22' title="bbox 354 3000 2515 3099; baseline -0.003 -24"><span class='ocrx_word' id='word_1_170' title='bbox 354 3026 558 3096; x_wconf 88' lang='lat' dir='ltr'><strong>quam</strong></span> <span class='ocrx_word' id='word_1_171' title='bbox 609 3004 716 3099; x_wconf 88' lang='lat' dir='ltr'><strong>(ut</strong></span> <span class='ocrx_word' id='word_1_172' title='bbox 757 3003 1159 3077; x_wconf 92' lang='lat' dir='ltr'><strong>meminisse</strong></span> <span class='ocrx_word' id='word_1_173' title='bbox 1205 3003 1474 3096; x_wconf 84' lang='lat' dir='ltr'><strong>videor)</strong></span> <span class='ocrx_word' id='word_1_174' title='bbox 1517 3005 1650 3074; x_wconf 93' lang='lat' dir='ltr'><strong>iam</strong></span> <span class='ocrx_word' id='word_1_175' title='bbox 1694 3004 1852 3076; x_wconf 91' lang='lat' dir='ltr'><strong>inde</strong></span> <span class='ocrx_word' id='word_1_176' title='bbox 1893 3002 2131 3095; x_wconf 92' lang='lat' dir='ltr'><strong>primis</strong></span> <span class='ocrx_word' id='word_1_177' title='bbox 2167 3000 2257 3073; x_wconf 90' lang='lat' dir='ltr'><strong>ad</strong></span> <span class='ocrx_word' id='word_1_178' title='bbox 2300 3011 2365 3071; x_wconf 87' lang='lat' dir='ltr'><strong>te</strong></span> <span class='ocrx_word' id='word_1_179' title='bbox 2405 3000 2515 3069; x_wconf 90' lang='lat' dir='ltr'><strong>lit-</strong></span> 
     </span>
     <span class='ocr_line' id='line_1_23' title="bbox 355 3124 2513 3221; baseline -0.001 -26"><span class='ocrx_word' id='word_1_180' title='bbox 355 3127 521 3198; x_wconf 85' lang='lat' dir='ltr'><strong>teris</strong></span> <span class='ocrx_word' id='word_1_181' title='bbox 587 3148 846 3218; x_wconf 91' lang='lat' dir='ltr'><strong>agnum</strong></span> <span class='ocrx_word' id='word_1_182' title='bbox 916 3125 1094 3221; x_wconf 90' lang='lat' dir='ltr'><strong>lupis</strong></span> <span class='ocrx_word' id='word_1_183' title='bbox 1158 3124 1507 3198; x_wconf 92' lang='lat' dir='ltr'><strong>obiectum</strong></span> <span class='ocrx_word' id='word_1_184' title='bbox 1588 3126 1843 3199; x_wconf 90' lang='lat' dir='ltr'><strong>utinam</strong></span> <span class='ocrx_word' id='word_1_185' title='bbox 1912 3148 2047 3197; x_wconf 92' lang='lat' dir='ltr'><strong>non</strong></span> <span class='ocrx_word' id='word_1_186' title='bbox 2121 3134 2261 3195; x_wconf 88' lang='lat' dir='ltr'><strong>tam</strong></span> <span class='ocrx_word' id='word_1_187' title='bbox 2325 3132 2513 3195; x_wconf 88' lang='lat' dir='ltr'><strong>certo</strong></span> 
     </span>
     <span class='ocr_line' id='line_1_24' title="bbox 244 3245 2505 3352; baseline 0 -34"><span class='ocrx_word' id='word_1_188' title='bbox 244 3329 262 3352; x_wconf 30' lang='lat' dir='ltr'><strong>X</strong></span> <span class='ocrx_word' id='word_1_189' title='bbox 355 3245 652 3318; x_wconf 86' lang='lat' dir='ltr'><strong>dixerim</strong></span> <span class='ocrx_word' id='word_1_190' title='bbox 679 3248 992 3339; x_wconf 89' lang='lat' dir='ltr'><strong>augurio.</strong></span> <span class='ocrx_word' id='word_1_191' title='bbox 1021 3249 1110 3318; x_wconf 91' lang='lat' dir='ltr'><strong>Et</strong></span> <span class='ocrx_word' id='word_1_192' title='bbox 1133 3250 1438 3342; x_wconf 89' lang='lat' dir='ltr'><strong>profecto</strong></span> <span class='ocrx_word' id='word_1_193' title='bbox 1464 3250 1781 3340; x_wconf 88' lang='lat' dir='ltr'><strong>luporum</strong></span> <span class='ocrx_word' id='word_1_194' title='bbox 1808 3271 2084 3320; x_wconf 91' lang='lat' dir='ltr'><strong>morsus</strong></span> <span class='ocrx_word' id='word_1_195' title='bbox 2113 3271 2193 3319; x_wconf 91' lang='lat' dir='ltr'><strong>ac</strong></span> <span class='ocrx_word' id='word_1_196' title='bbox 2220 3245 2505 3333; x_wconf 87' lang='lat' dir='ltr'><strong>rabiem,</strong></span> 
     </span>
     <span class='ocr_line' id='line_1_25' title="bbox 357 3368 2505 3463; baseline 0.002 -26"><span class='ocrx_word' id='word_1_197' title='bbox 357 3378 427 3438; x_wconf 93' lang='lat' dir='ltr'><strong>et</strong></span> <span class='ocrx_word' id='word_1_198' title='bbox 487 3368 598 3439; x_wconf 89' lang='lat' dir='ltr'><strong>illa</strong></span> <span class='ocrx_word' id='word_1_199' title='bbox 656 3369 1041 3438; x_wconf 91' lang='lat' dir='ltr'><strong>communia</strong></span> <span class='ocrx_word' id='word_1_200' title='bbox 1093 3368 1517 3459; x_wconf 87' lang='lat' dir='ltr'><strong>perditorum</strong></span> <span class='ocrx_word' id='word_1_201' title='bbox 1570 3369 1953 3452; x_wconf 88' lang='lat' dir='ltr'><strong>hominum,</strong></span> <span class='ocrx_word' id='word_1_202' title='bbox 2009 3379 2505 3463; x_wconf 88' lang='lat' dir='ltr'><strong>contemptum,</strong></span> 
     </span>
     <span class='ocr_line' id='line_1_26' title="bbox 357 3487 2512 3580; baseline 0 -18"><span class='ocrx_word' id='word_1_203' title='bbox 357 3490 622 3571; x_wconf 91' lang='lat' dir='ltr'><strong>odium,</strong></span> <span class='ocrx_word' id='word_1_204' title='bbox 678 3487 1029 3567; x_wconf 91' lang='lat' dir='ltr'><strong>invidiam,</strong></span> <span class='ocrx_word' id='word_1_205' title='bbox 1082 3488 1341 3570; x_wconf 93' lang='lat' dir='ltr'><strong>dolum,</strong></span> <span class='ocrx_word' id='word_1_206' title='bbox 1407 3488 1740 3580; x_wconf 89' lang='lat' dir='ltr'><strong>rapinam,</strong></span> <span class='ocrx_word' id='word_1_207' title='bbox 1795 3512 2169 3574; x_wconf 79' lang='lat' dir='ltr'><strong>carcerem,</strong></span> <span class='ocrx_word' id='word_1_208' title='bbox 2225 3492 2512 3563; x_wconf 88' lang='lat' dir='ltr'><strong>exilium</strong></span> 
     </span>
     <span class='ocr_line' id='line_1_27' title="bbox 360 3608 2512 3704; baseline 0.001 -23"><span class='ocrx_word' id='word_1_209' title='bbox 360 3608 769 3702; x_wconf 80' lang='lat' dir='ltr'><strong>cogitabam.</strong></span> <span class='ocrx_word' id='word_1_210' title='bbox 824 3608 1006 3679; x_wconf 90' lang='lat' dir='ltr'><strong>Talis</strong></span> <span class='ocrx_word' id='word_1_211' title='bbox 1059 3608 1358 3679; x_wconf 87' lang='lat' dir='ltr'><strong>hominis</strong></span> <span class='ocrx_word' id='word_1_212' title='bbox 1426 3610 1632 3679; x_wconf 89' lang='lat' dir='ltr'><strong>talem</strong></span> <span class='ocrx_word' id='word_1_213' title='bbox 1701 3621 1986 3684; x_wconf 90' lang='lat' dir='ltr'><strong>mortem</strong></span> <span class='ocrx_word' id='word_1_214' title='bbox 2032 3634 2161 3683; x_wconf 91' lang='lat' dir='ltr'><strong>nec</strong></span> <span class='ocrx_word' id='word_1_215' title='bbox 2207 3614 2512 3704; x_wconf 86' lang='lat' dir='ltr'><strong>cogitare</strong></span> 
     </span>
     <span class='ocr_line' id='line_1_28' title="bbox 363 3731 2511 3826; baseline 0.001 -24"><span class='ocrx_word' id='word_1_216' title='bbox 363 3731 759 3812; x_wconf 87' lang='lat' dir='ltr'><strong>didiceram,</strong></span> <span class='ocrx_word' id='word_1_217' title='bbox 805 3753 929 3804; x_wconf 93' lang='lat' dir='ltr'><strong>nec</strong></span> <span class='ocrx_word' id='word_1_218' title='bbox 968 3731 1194 3801; x_wconf 91' lang='lat' dir='ltr'><strong>vereri</strong></span> <span class='ocrx_word' id='word_1_219' title='bbox 1234 3758 1247 3800; x_wconf 90' lang='lat'><strong>:</strong></span> <span class='ocrx_word' id='word_1_220' title='bbox 1300 3732 1555 3826; x_wconf 91' lang='lat' dir='ltr'><strong>quippe</strong></span> <span class='ocrx_word' id='word_1_221' title='bbox 1595 3734 1711 3825; x_wconf 89' lang='lat' dir='ltr'><strong>qui</strong></span> <span class='ocrx_word' id='word_1_222' title='bbox 1754 3734 1958 3805; x_wconf 88' lang='lat' dir='ltr'><strong>nullis</strong></span> <span class='ocrx_word' id='word_1_223' title='bbox 2017 3756 2109 3805; x_wconf 91' lang='lat' dir='ltr'><strong>ex</strong></span> <span class='ocrx_word' id='word_1_224' title='bbox 2158 3734 2511 3826; x_wconf 87' lang='lat' dir='ltr'><strong>tragoediis</strong></span> 
     </span>
     <span class='ocr_line' id='line_1_29' title="bbox 365 3853 2512 3928; baseline 0.002 -5"><span class='ocrx_word' id='word_1_225' title='bbox 365 3861 499 3923; x_wconf 90' lang='lat' dir='ltr'><strong>tam</strong></span> <span class='ocrx_word' id='word_1_226' title='bbox 545 3853 842 3924; x_wconf 89' lang='lat' dir='ltr'><strong>nefarias</strong></span> <span class='ocrx_word' id='word_1_227' title='bbox 893 3864 964 3924; x_wconf 83' lang='lat' dir='ltr'><strong>et</strong></span> <span class='ocrx_word' id='word_1_228' title='bbox 1013 3862 1148 3924; x_wconf 86' lang='lat' dir='ltr'><strong>tam</strong></span> <span class='ocrx_word' id='word_1_229' title='bbox 1193 3861 1423 3924; x_wconf 89' lang='lat' dir='ltr'><strong>truces</strong></span> <span class='ocrx_word' id='word_1_230' title='bbox 1466 3853 1756 3926; x_wconf 88' lang='lat' dir='ltr'><strong>insidias</strong></span> <span class='ocrx_word' id='word_1_231' title='bbox 1800 3855 2292 3927; x_wconf 91' lang='lat' dir='ltr'><strong>meminissem.</strong></span> <span class='ocrx_word' id='word_1_232' title='bbox 2334 3857 2512 3928; x_wconf 88' lang='lat' dir='ltr'><strong>Tulit</strong></span> 
     </span>
     <span class='ocr_line' id='line_1_30' title="bbox 362 3975 2510 4073; baseline 0.002 -27"><span class='ocrx_word' id='word_1_233' title='bbox 362 3996 521 4046; x_wconf 88' lang='lat' dir='ltr'><strong>ecce</strong></span> <span class='ocrx_word' id='word_1_234' title='bbox 584 3975 1007 4047; x_wconf 90' lang='lat' dir='ltr'><strong>feracissima</strong></span> <span class='ocrx_word' id='word_1_235' title='bbox 1074 3978 1408 4048; x_wconf 92' lang='lat' dir='ltr'><strong>scelerum</strong></span> <span class='ocrx_word' id='word_1_236' title='bbox 1462 3984 1637 4049; x_wconf 86' lang='lat' dir='ltr'><strong>aetas</strong></span> <span class='ocrx_word' id='word_1_237' title='bbox 1681 3990 1936 4064; x_wconf 89' lang='lat' dir='ltr'><strong>nostra,</strong></span> <span class='ocrx_word' id='word_1_238' title='bbox 1990 4000 2129 4073; x_wconf 87' lang='lat' dir='ltr'><strong>quo</strong></span> <span class='ocrx_word' id='word_1_239' title='bbox 2181 3980 2510 4072; x_wconf 82' lang='lat' dir='ltr'><strong>glorietur</strong></span> 
     </span>
     <span class='ocr_line' id='line_1_31' title="bbox 365 4099 2506 4197; baseline 0.003 -30"><span class='ocrx_word' id='word_1_240' title='bbox 365 4099 761 4192; x_wconf 80' lang='lat' dir='ltr'><strong>antiquitaS,</strong></span> <span class='ocrx_word' id='word_1_241' title='bbox 818 4122 957 4193; x_wconf 91' lang='lat' dir='ltr'><strong>quo</strong></span> <span class='ocrx_word' id='word_1_242' title='bbox 1008 4122 1083 4171; x_wconf 89' lang='lat' dir='ltr'><strong>se</strong></span> <span class='ocrx_word' id='word_1_243' title='bbox 1137 4099 1503 4193; x_wconf 89' lang='lat' dir='ltr'><strong>posteritas</strong></span> <span class='ocrx_word' id='word_1_244' title='bbox 1555 4106 1989 4175; x_wconf 84' lang='lat' dir='ltr'><strong>consoletur:</strong></span> <span class='ocrx_word' id='word_1_245' title='bbox 2044 4112 2254 4197; x_wconf 86' lang='lat' dir='ltr'><strong>utque</strong></span> <span class='ocrx_word' id='word_1_246' title='bbox 2305 4126 2506 4176; x_wconf 91' lang='lat' dir='ltr'><strong>omne</strong></span> 
     </span>
     <span class='ocr_line' id='line_1_32' title="bbox 365 4222 2507 4321; baseline 0.001 -27"><span class='ocrx_word' id='word_1_247' title='bbox 365 4245 596 4296; x_wconf 79' lang='lat' dir='ltr'><strong>aevum</strong></span> <span class='ocrx_word' id='word_1_248' title='bbox 639 4222 758 4296; x_wconf 87' lang='lat' dir='ltr'><strong>fiat</strong></span> <span class='ocrx_word' id='word_1_249' title='bbox 797 4223 1226 4308; x_wconf 82' lang='lat' dir='ltr'><strong>excusabile,</strong></span> <span class='ocrx_word' id='word_1_250' title='bbox 1283 4224 1412 4296; x_wconf 91' lang='lat' dir='ltr'><strong>hoc</strong></span> <span class='ocrx_word' id='word_1_251' title='bbox 1455 4225 1520 4297; x_wconf 91' lang='lat' dir='ltr'><strong>in</strong></span> <span class='ocrx_word' id='word_1_252' title='bbox 1568 4236 1838 4321; x_wconf 85' lang='lat' dir='ltr'><strong>tempus</strong></span> <span class='ocrx_word' id='word_1_253' title='bbox 1894 4250 2161 4299; x_wconf 88' lang='lat' dir='ltr'><strong>summa</strong></span> <span class='ocrx_word' id='word_1_254' title='bbox 2216 4225 2507 4300; x_wconf 81' lang='lat' dir='ltr'><strong>saevitiae</strong></span> 
     </span>
    </p>
   </div>
  </div>
 </body>
</html>
