3104 4805
1026 413 1559 465 PROLEGOMENON.
2408 418 2507 464 CLI

74 569 227 624 1361.
278 567 323 622 E
353 566 531 622 Gallia
557 565 731 621 redux
761 565 1134 623 Mediolanum
1163 582 1355 622 mense
1382 567 1578 621 Martio
1606 566 1871 638 pervenit.

2129 585 2218 622 noo·
2239 587 2296 632 «a,
2315 587 2422 623 un.

281 653 534 706 Aureum
561 657 830 706 craterem
859 669 891 706 a
920 650 1115 707 Carolo
1143 651 1218 706 lv
1247 653 1386 724 Imp.
1420 653 1566 707 dono
1593 652 1803 725 recipit.
2131 669 2307 714 mxxiii,
2327 671 2363 707 s.

282 735 382 789 Die
408 734 445 789 8
474 735 731 806 Augusti.
764 734 844 789 De
872 740 1050 789 morte
1077 736 1315 790 Socratis
1342 736 1611 790 nuncium
1637 735 1849 807 accipit.
2131 750 2221 785 aa·
2240 750 2297 798 is,
2315 751 2391 787 vn.

283 820 471 874 Mense
501 819 661 874 Iulio.
694 820 917 874 Relicto
936 820 1264 887 Mediolano,
1295 820 1581 873 Patavium
1611 821 1762 891 petit.
2129 832 2209 866 sen.
2229 832 2260 881 1,
2278 835 2314 871 a.

279 904 379 958 Die
424 904 497 958 10
543 903 687 958 Iulii.
735 904 895 958 Peste
925 908 1240 974 correptus,
1272 903 1385 958 obit
1430 903 1722 958 Mediolani
1771 902 2043 957 Iohannes
2132 910 2230 950 Note
2249 914 2306 960 ⁴³,
2329 915 2381 962 ιτ,
2398 916 2471 950 vu.

356 988 504 1041 filius
532 987 669 1041 eius.

283 1070 327 1125 F
328 1073 589 1126 ranciscae
618 1077 760 1126 natae
786 1072 1009 1143 nuptias
1036 1072 1290 1127 conciliat
1316 1088 1442 1126 cum
1473 1070 1763 1127 Francisco
1788 1073 1857 1126 de
1885 1073 2044 1127 Bros-
2092 1081 2098 1216 ξ
2130 1083 2181 1119 No
2183 1083 2220 1116 ¹·
2240 1084 2294 1120 «τ
2315 1083 2388 1119 vn

354 1172 508 1210 sanc.

288 1239 492 1293 Munus
520 1239 810 1293 Secretarii
837 1239 1137 1310 Apostolici
1165 1255 1197 1292 a
1226 1239 1385 1293 Card.
1422 1240 1732 1296 Talarando
1764 1241 1868 1296 sihi
1900 1242 2048 1297 obla·
2131 1252 2210 1288 ³·-
2242 1251 2270 1295 ¹
2301 1254 2324 1289 ³
2375 1252 2464 1288 Nou
2493 1254 2528 1294 Α,

356 1329 476 1377 tum
504 1323 706 1376 iterum
732 1323 961 1394 respuit.
2095 1275 2101 1358 Ι
2200 1296 2290 1332 ¹¹¹¹

78 1492 234 1547 1362.
284 1492 507 1548 Patavio
538 1492 819 1587 digressus
847 1491 936 1545 die
961 1491 1033 1545 10
1060 1490 1328 1560 Ianuarii,
1351 1492 1722 1547 Mediolanum
1747 1494 1884 1565 petit
1907 1495 2049 1549 redi·
2135 1508 2264 1554 8021,
2286 1510 2319 1544 a.

358 1582 520 1630 turus
548 1576 605 1630 in
633 1577 857 1630 Gallias.

285 1659 598 1713 Accersitus
632 1658 701 1712 ab
731 1658 1070 1730 Imperatore
1109 1658 1168 1712 in
1200 1659 1554 1713 Germaniam
1599 1660 1705 1714 iter
1753 1676 1819 1715 eo
1859 1677 2051 1716 versus
2137 1676 2187 1710 No
2188 1677 2279 1721 tn.
2303 1677 2361 1712 xi.

355 1758 545 1796 mense
593 1742 734 1796 Maio
779 1742 1129 1812 aggreditur:
1178 1741 1273 1794 sed
1316 1741 1445 1796 belli
1492 1742 1912 1797 difficultatibus
1958 1743 2051 1797 ob-
2137 1721 2216 1755 Μ’
2239 1721 2267 1767 ”
2284 1722 2318 1757 ³

357 1826 649 1893 stantibuS,
679 1825 748 1879 ab
777 1826 993 1897 incepto
1021 1825 1254 1893 desistit,
1285 1831 1340 1880 et
1366 1827 1652 1880 Patavium
1683 1826 1843 1879 redit.

285 1911 471 1965 Mense
502 1910 679 1964 Iunio,
720 1911 881 1964 Peste
914 1911 1149 1964 nimium
1182 1910 1468 1976 saeviente,
1503 1910 1792 1964 Patavium
1819 1910 2050 1980 linquit,
2139 1927 2230 1964 και.
2250 1930 2413 1973 ημιιι.

355 2001 410 2050 et
436 1995 691 2049 Venetias
720 2012 777 2049 se
806 1996 1035 2049 confert.

283 2081 385 2134 Die
432 2080 470 2133 4
516 2079 873 2150 Septembris
929 2080 1280 2134 Bibliothecae
1319 2096 1434 2134 suae
1462 2084 1680 2151 partem
1745 2078 2056 2134 donationis
2103 2091 2107 2116 ⁴
2142 2098 2230 2133 sot·
2249 2099 2407 2135 nnn.

354 2164 515 2216 titulo
545 2162 881 2234 Reipublicae
908 2163 1248 2217 Venetorum
1278 2163 1516 2235 profert,
1545 2179 1672 2234 quae
1710 2163 1943 2232 gratiam
1972 2179 2052 2217 re-

357 2247 538 2302 ferens
562 2289 578 2313 ,
610 2247 837 2301 domum
864 2247 1129 2302 utendam
1154 2247 1444 2301 fruendam
1473 2247 1579 2318 ipsi
1608 2248 1874 2302 concedit.
2103 2249 2108 2294 ¹

288 2331 368 2384 Ex
396 2331 685 2385 Francisca
712 2332 821 2385 filia
852 2331 1090 2386 Electam
1123 2338 1346 2404 neptem
1376 2332 1623 2404 suscipit.
2141 2349 2231 2385 uot-
2252 2351 2309 2395 ιτ,
2330 2349 2402 2386 vn.

289 2416 552 2471 Oblatum
579 2417 781 2471 iterum
809 2417 1098 2471 Secretarii
1127 2417 1426 2489 Apostolici
1456 2434 1662 2471 munus
1689 2417 1961 2489 repudiat.
2139 2435 2378 2516 &nauhaix

80 2589 234 2643 1363.
285 2588 591 2643 Iohannem
637 2588 704 2642 de
753 2587 1008 2642 Certaldo
1054 2593 1108 2641 et
1163 2588 1455 2641 Leontium
1495 2589 1773 2656 Pilatum,
1803 2589 2054 2643 amicitiae
2140 2602 2535 2651 sotanxmavm.

360 2689 523 2727 causa
550 2673 617 2726 ad
644 2689 772 2725 eum
813 2672 1195 2740 advenienteS,
1242 2671 1479 2743 hospitio
1520 2671 1779 2726 familiari
1807 2672 2054 2727 Venetiis

362 2756 590 2827 excipit,
622 2761 678 2809 et
702 2755 879 2809 tribus
908 2755 1190 2810 mensibus
1219 2773 1407 2811 secum
1438 2757 1587 2811 domi
1613 2757 1796 2812 habet.
2104 2754 2109 2837 ἶ

292 2840 499 2895 Morem
520 2856 717 2911 gerens
736 2840 1261 2907 DuciVenetiarum,
1284 2839 1596 2895 Luchinum
1621 2840 1687 2895 de
1707 2840 1928 2908 Verme,
1949 2840 2057 2894 for·
2105 2842 2110 2909 't
2143 2855 2193 2890 uo
2194 2856 2241 2890 ιε
2268 2855 2323 2899 u,
2349 2855 2426 2891 ιιι.
2453 2858 2500 2891 v·
2481 2865 2535 2890 ar.

361 2918 637 2977 tissimum
677 2924 1099 2994 imperatorem,
1125 2924 1195 2978 ad
1221 2925 1472 2979 bellum
1460 2942 1517 2979 m
1546 2924 1838 2978 Cretenses
1866 2939 2056 2994 geren·
2105 2918 2111 3013 1
2208 2900 2262 2935 ⁵⁰

367 3008 503 3061 dum
531 3008 876 3062 adhortatur.
2105 3016 2112 3151 ἰ

72 3181 234 3235 1364.
289 3179 485 3250 Incipit
524 3179 627 3232 hoc
656 3193 801 3230 anno
832 3176 888 3230 in
918 3176 1055 3230 urbe
1082 3175 1270 3231 Ticino
1297 3192 1465 3248 penes
1495 3175 1804 3230 Galeatium
1841 3175 2059 3229 Viceco-
2137 3183 2218 3217 8⁶⁰·
2238 3182 2279 3227 V.
2301 3183 2332 3217 ¹-

369 3264 561 3316 mitem
592 3266 837 3315 aestatem
865 3277 1045 3331 agere.

290 3346 599 3401 Bononiam
628 3345 769 3412 adit,
798 3345 1149 3399 Androinum
1169 3343 1515 3399 cardinalem
1556 3344 1823 3416 Legatum
1848 3344 2112 3399 visendi
2147 3352 2185 3387 ¹²·
2201 3351 2316 3443 Μὶν-

366 3430 568 3500 gratia:
602 3434 655 3483 et
684 3430 968 3483 Patavium
996 3430 1140 3483 circa
1169 3429 1379 3483 Pascha
1408 3430 1719 3483 revertitur.
2109 3440 2115 3475 ι
2145 3398 2210 3433 ⁵⁶⁰
2305 3398 2341 3433 ⁵

296 3516 484 3569 Mense
506 3514 912 3568 MaioVenetias
933 3514 1156 3584 repetit:
1181 3512 1366 3582 ibique
1379 3512 1846 3566 Bartholomaeum
1860 3511 2063 3583 Papaz-
2110 3480 2115 3531 ¹
2147 3520 2197 3555 No
2200 3521 2238 3555 t·
2258 3523 2313 3566 Η,
2334 3521 2394 3555 xn

368 3599 614 3653 zur-rium
646 3597 743 3669 Ep.
776 3598 1106 3651 Theatinum
1134 3597 1373 3650 amicum
1398 3612 1564 3650 suum
1586 3595 1822 3666 hospitio
1844 3595 2056 3665 recipit.

300 3685 594 3741 Scribit—
611 3683 691 3737 De
718 3683 897 3737 officio
926 3688 981 3737 et
1007 3682 1307 3736 virtutibus
1334 3680 1700 3752 imperatoris,

289 3769 467 3824 Ludis
496 3773 550 3821 et
579 3767 925 3838 spectaculiS,
954 3765 1023 3820 ob
1053 3766 1338 3820 victoriam
1369 3764 1437 3818 de
1467 3762 1822 3818 Cretensibus
1845 3767 2062 3832 partam
2145 3773 2230 3807 son
2253 3769 2311 3814 lv.
2330 3770 2364 3803 ³-

364 3851 610 3907 Venetiis
629 3851 789 3904 editis
812 3856 1151 3921 ,esuggestu
1190 3849 1258 3904 ad
1297 3850 1579 3904 dexteram
1611 3848 1778 3902 Ducis
1814 3846 2063 3901 Venetia·
2113 3828 2118 3883 ἶ

366 3950 494 3988 rum
525 3934 749 3987 honoris
778 3949 942 3987 causa
969 3934 1167 3987 adstat.
2112 3894 2118 3985 l
2217 3944 2222 3965 ¹

295 4018 852 4089 Quadragenarium
838 4018 1109 4073 ieiunium
1136 4023 1191 4073 et
1216 4019 1426 4074 Pascha
1452 4018 1661 4072 Patavii
1698 4018 1767 4073 de
1796 4034 1951 4073 more
1982 4033 2065 4070 ce·
2113 4008 2118 4065 ἶ

368 4103 562 4158 lebrat.
2113 4068 2119 4143 4

2113 4160 2118 4223 ἰ

66 4272 235 4330 1365.
296 4271 497 4327 Falsus
525 4272 594 4327 de
623 4277 801 4327 morte
828 4272 949 4327 eius
975 4287 1166 4326 rumor
1192 4271 1478 4343 vulgatur,
1505 4288 1617 4343 quo
1643 4271 1705 4325 fit
1730 4275 1793 4325 ut
1814 4271 2066 4325 Pontifex
2113 4238 2119 4325 l
2149 4287 2228 4322 son.
2251 4286 2312 4333 ix,
2330 4289 2364 4321 2.
