3104 4805
592 365 658 423 lfi
1100 375 1427 423 FRANOESC!
1472 375 1822 422 PETRARCAE
1868 376 2218 423 PRAEFATIO.

580 523 741 593 bato
780 533 1018 592 nostro
1057 521 1348 591 cederet.
1395 521 1505 590 Sic
1542 520 1727 590 enim
1769 532 1838 588 et
1891 543 2017 590 vos
2071 521 2232 590 olim
2284 533 2525 612 optare
2578 525 2743 595 soli-

580 653 716 725 tOS,
769 651 837 711 et
886 664 995 710 me
1046 641 1417 732 pollicitum
1467 662 1628 710 esse
1682 640 2150 711 memineram.
2207 641 2444 733 Itaque
2494 657 2740 717 cuncta

577 764 840 855 passim
880 763 1313 833 occursantia
1358 786 1493 831 uno
1529 762 1788 853 impetu
1823 762 2155 844 vastanti,
2199 774 2270 832 et
2308 787 2396 835 ne
2435 766 2546 835 his
2589 768 2744 857 qui-

578 887 760 967 dem,
805 895 883 954 ut
922 894 1085 954 tunc
1123 895 1272 955 erat
1324 884 1629 968 animuS,
1686 906 2008 975 parsum,
2065 896 2378 955 vestrum
2432 888 2602 957 alter
2653 888 2743 957 ad

579 1010 852 1090 laevam,
899 1008 1070 1077 alter
1109 1006 1198 1077 ad
1238 1005 1599 1077 dexteram
1642 1005 1892 1076 adesse
1935 1005 2166 1087 visuS‚
2204 1016 2275 1077 et
2307 1010 2743 1100 apprehensa

577 1151 814 1210 manu,
860 1150 948 1198 ne
988 1126 1196 1197 fidem
1239 1150 1462 1199 meam
1503 1137 1573 1196 et
1612 1149 1772 1217 spes
1811 1138 2085 1198 vestras
2122 1150 2262 1199 uno
2298 1128 2457 1219 igne
2488 1152 2743 1200 consu-

578 1272 850 1330 merem,
888 1247 1310 1319 familiariter
1351 1248 1746 1319 admonere.
1794 1249 1959 1318 Haec
1999 1249 2132 1319 illis
2173 1250 2516 1321 evadendi
2558 1272 2742 1343 prae-

574 1372 775 1463 cipua
840 1392 1054 1440 causa
1104 1369 1273 1438 fuit:
1328 1369 1631 1461 alioquin
1697 1369 1932 1461 (crede
1983 1371 2188 1462 mihi)
2241 1393 2397 1440 cum
2452 1372 2736 1464 reliquis

582 1491 941 1561 arsissent.
986 1491 1154 1559 Haec
1204 1511 1373 1580 orgo
1423 1512 1586 1581 quae
1638 1513 1821 1562 nunc
1872 1491 1994 1562 tibi
2048 1493 2134 1563 de
2185 1492 2361 1562 virili
2416 1495 2741 1585 reliquia-

583 1633 734 1680 rum
778 1610 1048 1680 illarum
1094 1622 1290 1702 parte
1330 1611 1738 1695 obveniunt,
1784 1612 2311 1707 qualiacumque
2354 1626 2544 1700 sunt,
2599 1639 2734 1688 non

576 1736 799 1804 solum
842 1756 1095 1825 aequ0,
1143 1756 1389 1805 verum
1428 1734 1635 1806 etiam
1679 1735 1887 1807 avido
1927 1737 2158 1810 animo
2199 1740 2535 1829 perleges.
2585 1739 2738 1810 Non

572 1855 795 1927 audeo
834 1856 1004 1926 illud
1046 1857 1314 1950 Apuleii
1369 1856 1849 1929 Medaurensis
1902 1858 1972 1928 in
2023 1881 2389 1929 commune
2438 1860 2735 1931 iactare:

573 1977 818 2062 Lector,
873 1979 1190 2049 intende.-
1244 1981 1585 2049 laetaberis.
1632 1980 1828 2051 Unde
1876 1980 2062 2050 enim
2103 1979 2275 2050 mihi
2315 1980 2387 2050 id
2428 1980 2734 2064 fiduciae,

574 2109 648 2168 ut
710 2101 942 2170 lectori
1010 2100 1533 2170 delectationem
1603 2102 2006 2174 laetitiamve
2072 2102 2391 2194 pollicear
2416 2106 2451 2169 ἰ)
2513 2104 2736 2192 Leges

572 2230 800 2291 tamen
853 2220 1016 2304 ista,
1075 2220 1165 2287 mi
1220 2222 1582 2304 SocrateS,
1637 2232 1706 2290 et
1756 2234 1834 2291 ut
1882 2246 1960 2293 es
2014 2222 2530 2296 amantissimus
2586 2233 2734 2292 tuo-

571 2365 759 2426 rum,
843 2344 1138 2413 fortasse
1217 2341 1589 2426 laetabere,
1676 2343 2019 2437 cuiusque
2097 2346 2401 2417 animum
2481 2345 2736 2437 probas

569 2462 1015 2532 delectaberis
1060 2463 1235 2532 stilo.
1280 2464 1463 2547 Quid
1502 2465 1689 2535 enim
1735 2470 1986 2551 refert,
2041 2478 2302 2558 quanta
2354 2466 2443 2536 sit
2490 2470 2732 2553 forma,

569 2583 844 2652 nonnisi
885 2584 1182 2655 amantis
1229 2585 1547 2658 subitura
1589 2587 1918 2658 iudicium
1949 2592 1982 2655 ἰ)
2033 2590 2477 2679 Supervacuo
2526 2590 2738 2659 comi-

571 2714 702 2787 tur,
756 2726 917 2796 quae
969 2705 1102 2776 iam
1159 2710 1398 2800 placet.
1456 2710 1525 2777 Si
1576 2708 1747 2799 quid
1799 2710 1910 2779 hic
1963 2730 2131 2778 sane
2181 2732 2412 2779 meum
2479 2712 2726 2798 placet,

568 2844 704 2893 non
753 2824 827 2895 id
877 2850 1107 2898 meum
1158 2832 1399 2911 fateor,
1457 2829 1581 2899 sed
1637 2838 1874 2913 tuum:
1930 2827 2062 2896 hoc
2130 2838 2238 2896 est
2287 2849 2426 2897 non
2475 2828 2730 2916 ingenii

566 2946 725 3029 mei,
798 2949 920 3018 sed
985 2951 1306 3021 amicitiae
1376 2960 1513 3019 tuae
1580 2952 1732 3017 laus
1784 2959 1911 3017 est.
1965 2949 2165 3017 Nulla
2233 2947 2345 3017 hic
2406 2947 2726 3039 equidem

564 3090 816 3157 magna
882 3070 992 3138 vis
1059 3069 1377 3138 dicendi:
1445 3067 1706 3157 quippe
1755 3087 1918 3157 quae
1971 3089 2096 3137 nec
2147 3068 2315 3136 mihi
2381 3070 2599 3151 adest,
2658 3083 2730 3141 et

561 3184 795 3278 quam,
839 3190 897 3257 si
940 3192 1138 3279 plane
1179 3190 1444 3271 afforet,
1493 3186 1698 3258 stilus
1742 3188 1873 3259 iste
1911 3211 2050 3260 non
2092 3190 2365 3282 recipit:
2408 3203 2726 3283 utquam

561 3329 686 3376 nec
728 3307 964 3377 Cicero
1006 3308 1156 3399 ipse
1195 3310 1266 3378 in
1305 3331 1389 3379 ea
1427 3311 1748 3381 facultate
1789 3311 2419 3403 praestantissimus
2469 3303 2759 3407 episto-⁸

560 3429 643 3498 lis
687 3429 833 3500 suis
876 3429 1171 3502 inseruit
1218 3442 1444 3517 certe,
1502 3454 1628 3503 neo
1667 3433 1863 3503 libris
1917 3433 1991 3502 in
2044 3433 2301 3524 quibus
2342 3446 2453 3505 est
2490 3456 2729 3528 {equa-

558 3551 693 3623 bile
755 3553 1105 3645 quoddam
1175 3555 1276 3647 (ut
1343 3554 1494 3646 ipse
1560 3555 1680 3648 ait)
1751 3566 1821 3626 et
1870 3568 2323 3646 temperatum
2396 3559 2724 3629 orationis

558 3696 802 3761 genus,
846 3675 1194 3746 Eximiam
1235 3676 1423 3747 illam
1465 3676 1634 3759 vim,
1691 3677 2141 3769 lucidumque
2181 3689 2252 3749 et
2291 3680 2608 3772 rapidum
2655 3691 2725 3749 et

555 3796 922 3865 exundans
965 3798 1220 3869 flumen
1259 3800 1670 3890 eloquentiae
1721 3800 1792 3869 in
1845 3801 2276 3873 orationibus
2333 3803 2481 3873 suis
2518 3822 2722 3871 exer—

556 3912 722 3980 cuit:
764 3937 904 4003 quo
945 3940 1195 4006 genere
1246 3944 1370 4012 pro
1413 3921 1654 3991 amicis
1711 3942 1901 4013 saepe
1952 3921 2296 3993 adversus
2348 3921 2720 4013 rempubli-

554 4054 705 4102 cam
777 4056 1079 4127 suosque
1145 4041 1383 4112 hostes
1437 4064 1620 4112 usus
1671 4055 1782 4113 est
1832 4043 2116 4125 Cicer03
2182 4067 2322 4135 quo
2389 4064 2513 4134 pro
2564 4041 2713 4111 aliis

558 4173 775 4244 saepe,
822 4179 947 4247 pro
991 4180 1064 4227 se
1104 4174 1347 4251 quater
1389 4173 1459 4231 et
1497 4162 1917 4253 quadragies
1960 4166 2144 4234 Cato.
2186 4163 2384 4246 Quod
2434 4162 2712 4255 quidem
