3104 4805
863 428 1047 477 Lmen
1089 428 1864 477 SECUNDUS.—EPISTOLA
1907 431 1985 478 v1.
2379 419 2494 481 109

1173 698 1530 764 EPISTOLA
1578 700 1665 763 Vl.

546 912 935 962 FRANCISCUS
982 913 1317 963 PETRARCA
1359 914 1626 965 IOHANNI
1669 915 1983 965 COLUMNAE
2026 915 2078 963 S.
2123 917 2178 964 P.
2223 917 2280 963 D.
2381 944 2386 951 ·

892 1102 1160 1155 Amicitia}
1188 1101 1339 1156 haud
1367 1102 1674 1158 absentiam
1705 1104 1943 1160 officere.

540 1317 911 1410 Sperabam
977 1340 1071 1389 ex
1129 1330 1193 1389 te
1254 1318 1705 1410 magnificum
1759 1320 2021 1413 aliquid
2072 1322 2333 1394 audire.
2378 1323 2502 1392 Sa-

342 1440 596 1535 pientia
618 1440 802 1510 enim
839 1450 959 1512 tua
992 1440 1127 1512 iam
1154 1439 1422 1533 pridem
1459 1441 1629 1511 mihi
1655 1442 2023 1514 videbatur
2047 1442 2257 1515 finem
2285 1446 2503 1537 impo-

346 1562 559 1633 situra
588 1559 1064 1654 querimoniis,
1095 1561 1352 1654 quibus
1399 1562 1726 1634 stolidum
1763 1567 2019 1656 vulgus
2053 1577 2124 1637 et
2154 1566 2500 1657 ingratum

345 1695 692 1778 personat.
743 1685 983 1777 Longe
1022 1707 1194 1758 vero
1234 1686 1545 1771 fallebar,
1592 1695 1670 1758 ut
1710 1687 1950 1770 vide03
1993 1700 2201 1782 atque
2240 1690 2500 1761 utinam

346 1808 772 1879 submissum
839 1809 1078 1880 liceret
1134 1807 1225 1880 ab
1284 1809 1418 1880 alio
1472 1810 1838 1903 suspicari,
1901 1822 1972 1883 et
2019 1834 2157 1882 non
2207 1812 2503 1906 propriis

347 1931 480 2004 tuis
522 1932 760 2024 digitis
802 1935 1170 2025 querulum
1211 1932 1379 2005 illud
1419 1933 1956 2027 chirographum
1999 1943 2384 2019 constaret,
2433 1935 2502 2002 in

345 2079 481 2148 quo
516 2078 661 2126 rem
705 2078 915 2127 unam
950 2056 1280 2148 exiguam
1315 2055 1551 2127 multis
1587 2055 1825 2127 verbis
1863 2079 2041 2148 pene
2074 2056 2503 2128 muliebriter

346 2176 743 2271 deplorasti,
787 2179 987 2249 cuius
1022 2178 1528 2251 lamentationis
1574 2200 1848 2249 summa
1886 2187 2026 2249 est:
2066 2187 2132 2249 te
2165 2179 2500 2250 acerrime

345 2309 551 2390 atque
571 2299 1156 2372 inconsolabiliter
1180 2299 1506 2386 doluisse,
1537 2302 1728 2394 quod
1751 2302 1961 2372 huius
1990 2301 2500 2395 exoptatissimi

347 2433 551 2516 atque
574 2423 811 2517 optimi
836 2423 1034 2496 ducis
1069 2425 1316 2511 nostri,
1349 2448 1716 2519 meamque
1749 2435 1819 2498 et
1853 2426 2232 2497 amicorum
2259 2425 2505 2496 faciem

347 2545 586 2618 videre
618 2545 933 2618 desieris.
971 2549 1230 2620 Motum
1268 2559 1335 2619 te
1368 2548 1458 2620 de
1492 2548 1817 2640 digressu
1855 2549 2084 2621 subito
2121 2548 2510 2621 turbatum-

349 2691 487 2762 que
521 2692 658 2741 non
694 2669 963 2742 dubito:
1001 2674 1609 2746 mansuetudinem
1643 2695 1941 2767 namque
1975 2672 2210 2758 animi,
2241 2683 2312 2744 et
2346 2696 2509 2745 sua-

351 2775 643 2865 vitatem*
657 2814 929 2864 morum
975 2806 1247 2866 tuorum
1283 2796 1471 2880 novi,
1503 2797 1622 2888 qui
1649 2797 1928 2868 omnino
1953 2819 2111 2867 cum
2140 2799 2276 2868 ulla
2302 2818 2507 2868 seve-

354 2915 551 2987 ritate
585 2926 706 2988 aut
744 2915 986 2987 habitu
1016 2918 1264 2990 mentis
1292 2918 1652 3010 asperiore
1684 2941 1822 2990 non
1846 2920 2285 2990 conveniunt.
2316 2918 2511 2989 Unde

355 3048 584 3112 tamen
609 3039 725 3111 hic
764 3050 900 3111 tam
931 3039 1344 3112 immodicus
1380 3041 1603 3126 dolor,
1644 3063 1782 3112 non
1818 3040 2144 3132 intelligo.
2189 3041 2513 3113 Innume-

355 3162 605 3234 rabiles
633 3183 872 3234 causae
900 3173 1273 3254 segregant
1299 3163 1585 3248 amicos,
1618 3162 1982 3235 amicitiam
2016 3187 2253 3236 veram
2282 3167 2508 3249 nullae,

352 3308 493 3378 qua
529 3293 899 3379 praesente,
938 3285 1204 3358 amicus
1233 3285 1491 3358 absens
1517 3308 1678 3359 esse
1703 3310 1841 3359 non
1868 3287 2144 3381 poterit;
2176 3300 2511 3381 quantum

354 3408 538 3479 enim
585 3410 889 3480 locorum
938 3409 1320 3481 intervallis
1383 3409 1472 3480 ab
1539 3409 1920 3482 amicorum
1984 3410 2515 3483 conversatione

353 3530 842 3621 disiungimur,
912 3542 1179 3603 tantum
1245 3531 1584 3603 absentiae
1663 3531 2147 3603 detrimentum
2227 3530 2513 3601 assidua

354 3654 1003 3727 commemoratione
1043 3655 1491 3735 discutimus;
1533 3653 1735 3724 cuius
1780 3652 1840 3722 si
1884 3662 2072 3724 tanta
2112 3651 2223 3721 vis
2264 3660 2510 3735 estut,

357 3787 575 3847 morte
616 3787 969 3869 superata,
1008 3777 1369 3850 defunctos
1403 3775 1610 3848 etiam
1655 3775 1913 3847 amicos
1949 3796 2074 3868 pro
2109 3772 2513 3845 viventibus

335 3898 824 3986 ·celebremus;
883 3901 1074 3995 quod
1141 3914 1298 3994 post
1364 3901 1624 3973 obitum
1677 3899 1965 3971 iunioris
2017 3896 2348 3983 Africani,
2405 3920 2518 3970 sa-

358 4022 793 4115 pientissimo
830 4035 901 4097 et
940 4024 1251 4097 omnium
1291 4027 1758 4098 Romanorum
1814 4024 1884 4094 in
1926 4020 2224 4095 amicitia
2266 4023 2519 4114 glorio-

360 4142 642 4217 sissimo
668 4146 825 4218 viro
838 4148 1055 4219 Laelio
1084 4148 1392 4233 docente,
1422 4144 2006 4239 didicimus3quid
2034 4154 2173 4216 tam
2188 4166 2518 4234 magnum

359 4274 490 4350 est,
531 4268 610 4352 si,
651 4268 969 4342 absentia
1013 4269 1323 4342 similiter
1355 4270 1569 4357 victa,
1608 4272 1812 4363 longe
1846 4269 2109 4364 positos
2145 4266 2519 4338 amicorum
