3104 4805
885 403 1070 451 mmm
1112 402 1398 460 Qum-rus.
1431 422 1498 428 ω
1525 401 1828 449 ΕΡιετοιΑ
1877 404 1996 448 xvi.
2401 389 2521 450 293

368 551 602 622 fierem
644 549 960 620 fortassis
994 546 1326 640 asperior.
1371 542 1810 628 Quantalibet
1853 565 2020 615 sane
2071 548 2273 640 plaga
2309 548 2513 618 animi
2621 619 2624 622 .

367 684 671 767 tempore
711 671 1084 763 mitigatur.
1128 670 1268 739 Iam
1305 668 1541 739 dolere
1571 666 1773 752 desii,
1813 665 2260 761 doloremque
2294 670 2517 762 pudor

363 793 647 889 expulit.
691 792 909 865 Pudet
944 803 1083 865 tam
1120 790 1427 884 graviter
1468 789 1799 861 doluisse.
1835 789 2057 873 Nunc,
2089 792 2412 881 quoniam
2441 793 2520 863 il—

364 920 495 990 lius
548 919 758 989 nullae
800 916 968 986 mihi
1036 914 1347 1009 reliquiae
1413 922 1789 1006 supersunt
1859 922 2115 1003 praeter
2174 923 2516 984 amantem

368 1039 778 1124 memoriam,
825 1049 899 1111 ut
938 1039 1032 1109 ait
1082 1036 1548 1130 AugustinuS‚
1580 1034 1858 1130 perierit
1906 1033 2184 1127 quidem
2215 1036 2347 1120 illa,
2395 1037 2521 1107 sed

363 1165 626 1235 calamo
654 1163 1046 1258 superstite.
1076 1161 1353 1233 Interim
1376 1181 1535 1253 ego,
1567 1159 1733 1230 dum
1771 1170 2087 1228 revertor
2115 1158 2201 1228 ad
2242 1160 2514 1230 solitum
2541 1163 2558 1172 '

366 1286 710 1359 scribendi
738 1307 1025 1370 morem,
1058 1284 1594 1358 intermissionis
1629 1303 1911 1353 causam
1941 1290 2174 1352 notam
2206 1282 2323 1353 tibi
2359 1304 2518 1355 esse

363 1411 573 1495 volui,
618 1432 704 1481 ne
746 1410 1019 1481 insueto
1063 1408 1335 1479 silentio
1378 1405 1784 1479 movereris.
1821 1406 2012 1476 Vale.

1362 1641 1513 1648 *—

1160 1873 1514 1936 EPISTOLA
1565 1873 1723 1935 XVll.

598 2055 979 2116 FRANOESCUS
1025 2068 1359 2115 PETRARCA
1404 2067 1664 2116 GUIDONI
1707 2069 1981 2117 SEPTIMO
2027 2071 2076 2119 S.
2122 2073 2176 2119 P.
2223 2075 2278 2120 D.

579 2252 691 2306 Cur
718 2252 1068 2308 amissionem
1097 2253 1404 2306 litterarum
1433 2268 1663 2306 suarum
1691 2257 1802 2306 tam
1831 2253 2070 2323 graviter
2098 2256 2301 2310 tulerit.

556 2500 704 2569 Non
748 2520 902 2570 sum
944 2499 1222 2569 nescius
1266 2498 1496 2569 mirari
1540 2506 1630 2582 te,
1677 2498 1866 2590 quod
1908 2499 1998 2569 ita
2039 2497 2359 2571 debiliter
2385 2504 2520 2573 sor-

362 2631 597 2691 tunam
626 2619 833 2691 unius
867 2620 1181 2713 epistolae
1214 2620 1395 2689 ferre
1440 2618 1639 2690 visus
1687 2618 1847 2699 sim;
1889 2641 2117 2712 neque
2159 2622 2341 2692 enim
2371 2645 2520 2694 ma-

358 2763 518 2835 gnae
553 2742 799 2815 indolis
825 2752 1308 2835 argumentum
1338 2752 1472 2829 est,
1502 2765 1597 2814 ex
1623 2742 1868 2813 litteris
1894 2743 2182 2835 gloriam
2214 2766 2515 2838 sperare.

356 2869 468 2938 Ex
507 2870 728 2954 factis,
772 2890 907 2940 non
947 2891 1040 2940 ex
1080 2867 1299 2954 dictis,
1329 2867 1493 2938 oriri
1530 2889 1773 2938 veram
1805 2868 2092 2958 gloriam
2129 2889 2321 2939 verae
2366 2870 2521 2964 phi-

355 2991 687 3083 losophiae
730 3013 869 3063 non
903 2991 1222 3064 dubitant
1257 3000 1658 3063 sectatores.
1698 2991 1888 3060 Illam
1914 2991 2197 3083 inquam
2225 2992 2513 3082 gloriam

357 3134 491 3183 non
531 3136 741 3206 quam
783 3113 1114 3208 praedicat
1152 3116 1438 3204 vulguS,
1485 3136 1526 3184 a
1565 3136 1705 3206 quo
1746 3114 2017 3185 laudari
2054 3117 2326 3205 magnis
2371 3117 2517 3186 ani-

357 3237 487 3305 mis
512 3256 710 3328 paene
738 3234 1177 3306 fastidiosum
1204 3245 1337 3319 est,
1371 3234 1499 3305 sed
1524 3256 1685 3327 quae
1704 3257 1798 3305 ex
1836 3236 2067 3307 sobria
2108 3245 2179 3307 et
2217 3237 2518 3308 iucunda

357 3357 834 3428 recordatione
859 3357 1197 3428 bonorum
1224 3378 1514 3450 operum
1546 3357 1613 3425 in
1642 3365 1923 3451 pectore
1949 3357 2261 3429 virorum
2287 3362 2518 3429 excel-

358 3481 642 3552 lentium
677 3480 874 3570 viget
913 3489 1123 3572 atque
1164 3479 1397 3550 alitur:
1451 3479 1650 3550 cuius
1704 3479 1853 3549 sine
1896 3478 2231 3551 theatrico
2273 3482 2518 3572 strepi-

360 3611 460 3684 tu,
508 3600 656 3671 sine
694 3603 932 3671 favore
968 3600 1243 3693 vulgari
1296 3597 1475 3670 fides
1503 3610 1574 3669 et
1613 3601 2032 3672 conscientia
2067 3612 2286 3673 testes
2325 3614 2512 3674 sunt.

358 3727 522 3794 Haec
568 3733 678 3793 est
716 3721 1034 3814 equidem
1071 3723 1183 3795 illa
1218 3744 1443 3793 verax
1483 3722 1730 3813 gloria,
1770 3745 1954 3815 quae,
1997 3726 2066 3795 in
2104 3726 2250 3796 solo
2288 3725 2515 3797 stabili

357 3846 528 3916 actis
564 3848 699 3916 alte
741 3844 1107 3933 radicibus,
1139 3867 1382 3918 casum
1410 3844 1653 3916 nescit.
1693 3847 1815 3917 Illa
1845 3868 2016 3918 vero
2057 3850 2125 3918 in
2161 3848 2511 3920 hominum

357 3967 639 4039 fundata
681 3970 1168 4056 sermunculis,
1196 3969 1496 4065 primum
1524 3967 1850 4041 diuturna
1893 3993 2030 4042 non
2070 3982 2201 4056 est,
2257 3980 2328 4042 et
2359 3993 2512 4065 per-

358 4092 550 4163 facile
608 4091 1005 4187 proteritur,
1075 4103 1148 4165 et
1211 4093 1467 4188 quibus
1509 4096 1842 4166 attollitur
1890 4095 2190 4180 flatibus,
2243 4096 2505 4167 eisdem
2545 4094 2561 4103 ”

360 4238 634 4309 semper
659 4216 978 4309 agitatur,
1012 4227 1086 4288 ut
1119 4228 1413 4291 corruat.
1443 4219 1722 4299 Deinde,
1765 4219 1822 4290 si
1857 4240 2014 4291 esse
2045 4228 2284 4314 posset
2309 4228 2510 4289 aeter-
