3104 4805
550 353 665 414 304
1228 367 1304 412 1)ss
1350 367 1548 415 nanus
1593 369 2031 416 mmmmfflns

547 525 800 586 vocant
836 470 1078 586 eadem
1125 516 1298 587 ratio
1339 523 1449 585 est
1506 536 1669 608 quae
1722 516 2002 587 invidiae
2061 517 2207 586 fuit.
2251 517 2426 590 Gula
2466 531 2701 592 autem

546 661 628 711 ac
677 638 884 711 libido
937 659 1125 731 saepe
1171 639 1319 709 suis
1362 639 1686 709 fruuntur
1724 638 2018 723 deliciiS,
2048 640 2307 732 quibus
2347 645 2697 729 exultant,

544 775 616 835 et
663 763 916 854 gaudia
950 761 1244 852 fugitiva
1279 761 1686 855 percipiunt.
1733 761 2042 834 Avaritia
2081 765 2267 834 nulla
2319 786 2396 836 re
2429 767 2697 853 fruitur,

545 887 680 958 nisi
719 885 907 957 curis
956 883 1411 960 avarissimis.
1465 886 1643 955 Dum
1686 885 1868 955 enim
1913 887 2312 978 quaerendis
2353 888 2593 974 inhiat,
2632 902 2705 962 et

545 1011 657 1081 illa
690 1031 827 1080 non
866 1007 1097 1091 habet,
1127 1018 1196 1078 et
1220 1007 1515 1099 quaesita
1542 1030 1678 1078 non
1716 1007 1935 1092 videt,
1968 1009 2101 1079 nisi
2136 1009 2223 1080 ad
2262 1011 2696 1104 supplicium:

543 1132 703 1203 hinc
745 1131 1036 1225 trepida,
1076 1129 1234 1200 inde
1271 1129 1579 1200 sollicita.
1610 1131 1784 1213 Quae
1810 1154 1972 1201 cum
1999 1130 2091 1202 ita
2124 1133 2289 1216 sint,
2346 1132 2494 1204 iure
2531 1156 2698 1205 ava-

544 1255 696 1326 ritia
733 1275 1049 1326 sororum
1090 1253 1397 1325 omnium
1434 1252 2000 1344 pestilentissima
2033 1254 2167 1326 dici
2201 1265 2458 1350 potest,
2488 1280 2694 1348 quam

542 1376 830 1447 radicem
870 1378 1195 1446 malorum
1247 1378 1543 1447 omnium
1602 1387 1808 1448 vocat
1871 1376 2271 1470 Apostolus.
2332 1378 2473 1450 Nec
2539 1401 2694 1451 sum

543 1499 819 1571 nescius
864 1507 928 1570 te
971 1499 1203 1571 mirari
1244 1499 1413 1594 quid
1455 1499 1662 1572 hodie
1706 1508 1934 1571 tecum
1975 1499 2132 1584 hac,
2189 1512 2264 1571 ut
2302 1502 2520 1586 aiunt,
2567 1502 2696 1572 im-

545 1632 838 1719 portuna
878 1622 1312 1718 philosophia
1352 1633 1606 1718 praeter
1649 1623 1928 1694 solitum
1965 1625 2064 1693 uti
2108 1624 2335 1694 velim.
2384 1627 2531 1715 Ego
2572 1647 2697 1696 au-

543 1757 678 1818 tem
715 1769 852 1817 non
896 1756 965 1817 te
1005 1746 1262 1839 magiS,
1306 1769 1514 1840 quam
1559 1749 1888 1818 mortales
1931 1750 2075 1819 sere
2115 1769 2384 1831 omneS,
2412 1759 2484 1820 et
2517 1770 2696 1841 prae·
2767 1781 2776 1786 ·

543 1868 742 1964 cipue
778 1880 972 1942 tuum
1015 1892 1239 1962 genus
1282 1872 1623 1963 alloquor,
1680 1871 1856 1941 inter
1903 1892 2082 1963 quos
2136 1871 2440 1942 maxime
2481 1881 2550 1941 et
2584 1892 2694 1942 so-

544 1994 708 2065 lium
746 1993 1094 2086 posuisse,
1137 2004 1210 2065 et
1248 1994 1586 2065 vexillum
1627 1991 1876 2065 fixisse
1909 1993 2165 2065 victrix
2204 1993 2376 2063 mihi
2419 1993 2695 2065 videtur

538 2126 612 2188 et
667 2117 1043 2212 imperiosa
1106 2117 1470 2210 cupiditas.
1537 2116 1739 2201 Quod
1779 2139 1863 2188 eo
1915 2116 2385 2209 indignantius
2451 2119 2690 2201 miror,

540 2265 680 2335 quo
723 2243 943 2313 minor
994 2240 1194 2313 vobis
1236 2239 1639 2335 cupidinum
1680 2262 1894 2311 causa
1959 2251 2089 2311 est.
2161 2241 2286 2311 Cui
2328 2243 2515 2311 enim
2567 2242 2695 2314 hos

540 2365 691 2437 auri
732 2365 1047 2437 cumulos
1074 2362 1463 2436 acervatis?
1488 2362 1830 2454 Legitima
1871 2362 2152 2457 quidem
2198 2362 2398 2435 vobis
2440 2374 2693 2458 negata

540 2489 932 2582 posteritas;
976 2509 1103 2557 vos
1146 2506 1399 2579 parcus
1440 2494 1511 2558 et
1547 2487 1854 2578 exiguus
1880 2489 2106 2559 cultus
2146 2488 2360 2559 decet.
2401 2489 2694 2582 Reliqua

538 2630 921 2702 pauperum
966 2606 1219 2679 Christi
1256 2618 1447 2692 sunt,
1485 2630 1662 2701 quos
1698 2609 2039 2693 fraudare,
2079 2610 2515 2702 praedarique
2558 2632 2693 2682 non

540 2730 821 2813 timetiS,
852 2728 1131 2800 domino
1159 2728 1428 2799 illorum
1458 2739 1816 2821 spectante
1857 2729 2184 2821 desuper,
2230 2741 2300 2801 et
2334 2733 2693 2805 minitante

535 2851 942 2933 vindictam3
985 2860 1055 2921 et
1094 2850 1375 2922 nescitis
1417 2852 1528 2923 cui
1572 2860 1888 2921 vestrum
1940 2851 2198 2922 crimen
2243 2853 2408 2923 utile
2445 2855 2536 2923 sit
2585 2857 2691 2924 fu-

535 2983 798 3057 turum,
867 2974 1057 3079 quod
1109 2972 1308 3045 vobis
1360 2973 1635 3045 interim
1685 2972 2104 3043 laboriosum
2147 2971 2687 3067 pestiferumque

533 3106 604 3168 et
640 3097 993 3167 funestum
1033 3107 1163 3167 est.
1199 3096 1395 3166 Multi
1446 3117 1523 3168 se
1558 3103 1837 3190 propter
1871 3094 2048 3167 filios
2083 3107 2448 3180 excusant,
2487 3106 2562 3167 et
2588 3096 2693 3166 vi-

540 3223 634 3297 tio
673 3224 883 3297 animi
921 3227 1159 3297 velum
1201 3225 1474 3319 pietatis
1517 3224 1932 3297 obtenditur.
1998 3225 2111 3297 Sic
2161 3226 2405 3309 leaena,
2466 3223 2566 3296 sic
2607 3225 2693 3294 ti-

538 3348 684 3441 gris
711 3346 816 3433 fit,
848 3347 1088 3434 enixa,
1119 3349 1433 3421 ferocior:
1469 3357 1541 3420 et
1566 3348 1885 3421 animalia
1914 3358 2282 3420 mansueta
2305 3369 2514 3419 novae
2538 3369 2698 3440 pro-

538 3471 622 3543 lis
666 3492 858 3544 amor
923 3482 1323 3566 exasperat.
1383 3472 1601 3543 Vobis
1670 3469 2036 3542 excusatio
2100 3473 2307 3556 nulla,
2376 3472 2696 3542 velamen

538 3594 687 3665 vitii
730 3595 994 3667 nullum
1034 3606 1164 3668 est.
1208 3595 1391 3667 Ante
1428 3595 1639 3667 totius
1680 3593 1870 3667 orbis
1897 3596 2134 3666 oculos
2162 3594 2329 3665 nudi
2354 3594 2555 3678 estiS,
2588 3593 2696 3666 di-

538 3717 818 3812 gitoque
845 3716 1326 3790 monstramini
1354 3721 1765 3814 populorum
1793 3718 2097 3789 omnium
2129 3740 2285 3789 cum
2312 3714 2696 3811 exprobra-

539 3837 720 3911 tione
772 3838 1098 3913 mordaci.
1151 3841 1331 3913 Ecce
1381 3839 1690 3926 virtutis,
1746 3840 2096 3935 inquiunt,
2142 3860 2530 3936 praeconeS,
2574 3838 2694 3932 qui

537 3983 692 4030 cum
746 3960 833 4032 de
884 3962 1029 4033 vita
1068 3971 1329 4033 aeterna
1387 3962 1616 4055 deque
1668 3962 1879 4033 animi
1924 3961 2238 4033 libertate
2282 3963 2497 4031 multa
2548 3982 2696 4030 ma-

539 4079 787 4172 gnifice
837 4085 1228 4176 loquantur,
1300 4084 1449 4155 sine
1513 4106 1728 4156 causa
1791 4095 2017 4156 tamen
2066 4096 2135 4156 et
2194 4080 2689 4177 temporalibus

539 4200 819 4283 addicti,
865 4216 935 4274 et
975 4206 1286 4276 avaritiae
1342 4208 1530 4278 servi
1573 4218 1753 4279 sunt.
1799 4209 1895 4279 Re
1935 4207 2118 4280 enim
2173 4228 2370 4291 vera,
2421 4203 2551 4276 etsi
2602 4202 2688 4274 de
