3104 4805
890 358 1074 406 Lmen
1121 354 1855 404 OCTAVUS.—EPISTOLA
1899 356 1976 403 v1.
2380 341 2494 401 437

346 517 567 580 ctatos
617 505 921 588 noveris,
977 502 1219 574 nuntio
1270 513 1387 572 tuo
1449 520 1717 570 mecum
1773 497 2074 591 syllabas
2126 501 2498 580 metiente3

345 632 441 700 ita
483 638 561 700 ut
597 630 781 698 nulla
821 638 962 697 tam
1004 622 1515 706 brevisfuerit,
1557 640 1720 714 quae
1761 617 1892 688 sibi
1927 639 2062 689 non
2096 619 2501 710 longissima

346 751 723 822 videretur.
768 748 956 817 Vale.

1177 1175 1529 1240 EP¹STOLA
1571 1175 1682 1237 Vll.

652 1366 1041 1417 FRANCISCUS
1086 1362 1425 1412 PETRARCA
1469 1360 1742 1410 SOCRATI
1785 1361 1902 1410 SUO
1946 1361 1997 1410 S.
2042 1363 2098 1410 P.
2143 1364 2202 1410 D.

350 1546 431 1599 De
460 1549 636 1598 morte
663 1544 907 1615 plurium
937 1544 1241 1597 amicorum
1279 1547 1333 1596 et
1361 1540 1429 1594 de
1467 1539 1621 1594 clade
1642 1580 1656 1607 ‚
1696 1554 1864 1609 quam
1900 1540 2072 1610 pestis
2109 1540 2312 1612 ubique
2341 1540 2472 1595 fecit
2491 1582 2507 1609 ,

493 1651 679 1688 amare
710 1634 1098 1704 conqueritur:
1130 1632 1357 1686 nunciat
1382 1630 1597 1685 obitum
1625 1629 1890 1700 Paganini
1920 1635 1976 1683 et
2011 1629 2236 1685 insidias
2273 1637 2511 1686 structas

494 1722 777 1777 Mainardo
806 1728 862 1777 et
888 1722 1071 1776 Lucae.

550 1950 641 2021 Mi
684 1954 923 2036 frater,
978 1951 1068 2020 mi
1122 1952 1359 2035 frater,
1415 1949 1508 2020 mi
1561 1951 1814 2020 frater:
1885 1969 2146 2019 novum
2199 1949 2517 2042 epistolae

357 2073 811 2167 principium:
872 2072 1010 2143 imo
1068 2073 1469 2166 antiquum,
1532 2084 1604 2145 et
1679 2085 1838 2145 ante
1900 2075 2085 2144 mille
2144 2076 2288 2143 fere
2345 2094 2518 2164 qua-

358 2196 764 2286 dringentos
791 2216 1012 2266 annos
1047 2217 1086 2265 a
1122 2196 1355 2266 Marco
1391 2196 1610 2266 Tullio
1647 2205 2080 2288 usurpatum.
2121 2196 2274 2266 Heu
2308 2193 2508 2263 mihi!

358 2322 571 2389 frater
604 2316 1096 2401 amantissime,
1134 2316 1303 2409 quid
1330 2316 1557 2388 dicam
1578 2321 1612 2386 ⁶?
1649 2318 1844 2388 Unde
1878 2317 2111 2390 ordiar
2133 2319 2168 2385 ⁶?
2202 2316 2515 2397 Quonam

358 2444 653 2513 vertar?
719 2439 1036 2532 Undique
1101 2439 1325 2523 dolor,
1398 2449 1619 2510 terror
1688 2440 2016 2534 undique.
2087 2442 2163 2510 In
2214 2464 2325 2513 me
2376 2463 2516 2512 uno

358 2564 603 2635 videas
661 2562 851 2654 quod
912 2560 1001 2632 de
1070 2571 1256 2632 tanta
1326 2560 1505 2632 urbe
1570 2562 1755 2653 apud
1811 2562 2174 2655 Virgilium
2242 2561 2518 2653 legisti:

358 2709 520 2757 nam

1403 2846 1667 2910 crudelis
1702 2847 1931 2925 ubique

598 2946 822 3009 Luctus
844 2997 861 3022 ,
895 2946 1126 3024 ubique
1158 2960 1386 3025 pavor,
1423 2951 1483 3005 et
1513 2943 1779 3023 plurima
1813 2945 2031 3006 mortis
2067 2944 2287 3023 imago.

366 3177 659 3256 Utinam,
699 3176 927 3255 frater,
967 3181 1088 3243 aut
1120 3194 1475 3264 nunquam
1514 3183 1750 3259 natuS,
1790 3184 1911 3245 aut
1942 3176 2137 3267 prius
2171 3174 2520 3247 extinctus

365 3297 617 3367 sorem!
666 3293 868 3378 Quod
910 3294 970 3363 si
1005 3313 1191 3361 nunc
1231 3302 1471 3384 optare
1510 3314 1749 3384 cogor,
1794 3294 1965 3386 quid
2006 3295 2354 3367 dicturum
2395 3320 2526 3390 pu-

368 3426 474 3487 tas
534 3416 592 3486 si
643 3415 733 3487 ad
782 3424 1171 3485 extremam
1224 3423 1649 3484 senectutem
1702 3421 2017 3486 venero?
2066 3415 2175 3489 Ad
2225 3441 2434 3510 quam
2484 3442 2526 3490 o

366 3538 626 3610 utinam
671 3558 805 3608 non
845 3535 1204 3605 venirem!
1254 3534 1389 3607 Sed
1430 3526 1733 3620 immam,
1779 3538 2012 3622 timeo,
2060 3560 2195 3609 non
2247 3550 2323 3609 ut
2371 3539 2528 3610 diu-

368 3660 506 3731 tius
558 3660 825 3743 vivam,
883 3658 1008 3730 sed
1066 3667 1139 3727 ut
1185 3656 1306 3728 diu
1357 3657 1635 3729 moriar.
1695 3658 1923 3728 Nosco
1988 3659 2245 3729 etenim
2310 3661 2525 3731 fatum

373 3804 635 3866 meum,
680 3790 751 3852 et
793 3780 1051 3853 sensim
1106 3779 1412 3871 intelligo
1464 3779 1552 3851 ad
1606 3779 1774 3872 quid
1825 3782 1894 3849 in
1946 3780 2125 3852 hanc
2177 3803 2531 3853 aerumno-

372 3925 521 3975 sam
563 3913 633 3974 et
671 3903 1009 3973 infelicem
1053 3901 1267 3972 vitam
1311 3901 1442 3972 sim
1484 3901 1862 3995 proiectus.
1908 3904 2058 3973 Heu
2100 3903 2303 3973 mihi!
2362 3905 2530 3975 Fra-

373 4036 479 4095 ter
518 4025 800 4120 optime,
847 4025 1040 4116 piget
1078 4044 1172 4092 ex
1215 4022 1472 4094 intimis
1516 4045 1597 4094 ao
1629 4025 1921 4095 miseret
1967 4047 2079 4095 me
2132 4026 2288 4096 mei.
2345 4026 2528 4109 Quid

369 4147 586 4234 enim,
629 4146 864 4220 dicent
916 4145 1035 4238 qui
1087 4145 1238 4217 haec
1278 4145 1614 4219 audient?
1667 4157 1771 4230 tu,
1827 4145 1946 4239 qui
1985 4148 2291 4219 solamen
2326 4147 2531 4219 auxi-
