3104 4805
2440 366 2556 427 193

1067 527 1442 591 FRANCISCI
1482 527 1894 590 PETRARCAE

688 738 830 815 DE
940 737 1309 817 REBUS
1423 737 2273 816 FAMILIARIBUS

1045 945 1354 1015 LIBER
1435 943 1921 1027 QUARTUS.

1263 1437 1621 1502 EPISTOLA
1662 1441 1702 1502 Ι.

749 1630 1133 1679 FRANCISCUS
1172 1632 1508 1681 PETRARCA
1545 1631 1898 1680 FRANCISCO
1931 1632 2223 1682 DIONYSIO

887 1730 925 1776 Α
961 1729 1171 1778 BURGO
1206 1729 1433 1777 SANCTI
1467 1730 1813 1779 SEPULCHRI
1850 1731 1901 1779 S.
1939 1732 1992 1778 P.
2030 1732 2090 1779 D.

905 1909 983 1963 De
1011 1926 1113 1963 suo
1139 1910 1197 1964 in
1227 1910 1466 1964 Montem
1493 1910 1799 1965 Ventosum
1827 1929 2076 1967 ascensu.

602 2119 1043 2190 Altissimum
1080 2117 1384 2208 regionis
1419 2118 1629 2189 huius
1664 2131 1993 2203 montem,
2022 2140 2232 2211 quem
2264 2140 2404 2190 non
2436 2119 2566 2190 im-

407 2241 647 2312 merito
683 2241 1069 2311 Ventosum
1104 2250 1380 2324 vocant,
1418 2240 1756 2313 hodierno
1788 2241 1924 2326 die,
1965 2244 2112 2313 sola
2143 2241 2429 2314 videndi
2463 2244 2567 2314 in-

408 2361 678 2454 signem
702 2361 832 2433 loci
858 2362 1286 2434 altitudinem
1319 2362 1695 2456 cupiditate
1729 2364 2012 2448 ductuS,
2051 2363 2353 2437 ascendi.
2391 2366 2568 2437 Mul-

409 2486 495 2555 tis
536 2486 664 2556 iter
702 2485 832 2557 hoc
870 2486 1070 2556 annis
1112 2485 1183 2556 in
1223 2486 1452 2557 animo
1491 2488 1738 2557 fuerat.
1781 2485 1891 2557 Ab
1923 2485 2205 2559 infantia
2236 2489 2420 2559 enim
2456 2488 2567 2562 his

406 2606 477 2678 in
515 2607 710 2691 lociS,
756 2618 831 2678 ut
870 2607 1082 2692 nosti,
1123 2611 1264 2680 fato
1297 2629 1412 2679 res
1446 2608 1804 2679 hominum
1838 2622 2198 2693 versante,
2234 2621 2563 2683 versatus

408 2752 586 2801 sum.
613 2732 812 2802 Mons
837 2743 1069 2803 autem
1095 2732 1224 2816 hic,
1255 2734 1392 2803 late
1415 2731 1722 2824 undique
1746 2742 2179 2825 conspectus,
2209 2735 2355 2804 fere
2383 2756 2567 2804 sem-

405 2875 528 2944 per
577 2854 647 2923 in
694 2854 910 2925 oculis
958 2865 1087 2925 est.
1131 2855 1330 2947 Cepit
1368 2855 1666 2947 impetus
1718 2855 1993 2928 tandem
2044 2854 2417 2947 aliquando
2466 2858 2570 2926 fa-

405 2998 564 3047 cere
601 2977 791 3069 quod
830 2977 1138 3071 quotidie
1177 2977 1549 3049 faciebam:
1593 2979 1940 3074 praecipue
1980 2989 2349 3073 postquam
2391 2983 2569 3052 rele—

410 3099 599 3192 genti
640 3100 861 3196 pridie
905 3122 1018 3172 res
1072 3123 1398 3173 romanas
1449 3100 1636 3194 apud
1685 3101 1978 3187 Livium,
2032 3103 2208 3173 forte
2244 3103 2358 3174 ille
2398 3078 2568 3173 mihi

409 3227 602 3296 locus
644 3235 1043 3298 occurrerat
1080 3224 1200 3296 ubi
1240 3224 1599 3316 Philippus
1640 3224 2094 3295 Macedonum
2137 3246 2291 3309 rex,
2335 3226 2396 3295 is
2448 3225 2568 3316 qui

408 3369 563 3419 cum
629 3350 886 3443 populo
938 3369 1223 3418 romano
1271 3346 1531 3416 bellum
1585 3346 1833 3437 gessit,
1889 3347 2212 3417 Haemum
2261 3355 2567 3418 montem

409 3471 886 3544 Thessalicum
925 3471 1354 3550 conscendit,
1399 3492 1441 3539 e
1483 3469 1685 3539 cuius
1727 3469 1988 3540 vertice
2026 3469 2168 3540 duo
2208 3468 2424 3540 maria
2462 3469 2571 3539 vi-

408 3595 575 3681 deri,
612 3595 1087 3667 Hadriaticum
1112 3606 1181 3666 et
1204 3593 1581 3677 Euxinum,
1620 3593 1800 3662 fama
1845 3571 2258 3676 crediderat,
2307 3612 2567 3662 verone

408 3736 495 3787 an
544 3719 736 3802 salso,
791 3717 964 3790 satis
1014 3715 1346 3811 comperti
1395 3714 1566 3785 nihil
1614 3712 1883 3786 habeo:
1933 3714 2123 3807 quod
2170 3724 2241 3784 et
2287 3734 2487 3784 mons
2527 3737 2570 3786 a

409 3851 649 3911 nostro
690 3840 859 3913 orbe
912 3849 1252 3924 semotuS,
1306 3849 1378 3910 et
1429 3838 1836 3931 scriptorum
1888 3837 2239 3909 dissensio
2287 3835 2567 3910 dubiam

409 3984 558 4033 rem
592 3962 773 4035 facit.
808 3965 911 4034 Ne
946 3972 1235 4035 cunctos
1269 3964 1621 4046 evolvam,
1650 3960 2071 4053 Pomponius
2098 3962 2279 4031 Mela
2301 3982 2573 4032 cosmo-

410 4086 722 4180 graphus
750 4086 851 4158 sic
873 4104 1060 4171 esse,
1091 4084 1259 4155 nihil
1295 4085 1662 4169 haesitan8‚
1693 4086 1932 4155 refert:
1962 4083 2155 4154 Titus
2184 4083 2423 4155 Livius
2449 4084 2574 4155 fal-

414 4227 559 4278 sam
600 4210 859 4281 famam
896 4210 1234 4303 opinatur.
1275 4209 1472 4293 Mihi,
1507 4206 1568 4279 si
1596 4217 1737 4277 tam
1759 4216 2077 4303 prompta
2102 4207 2355 4279 montis
2386 4205 2568 4275 illius

663 4340 697 4378 1.
2196 4329 2258 4379 13
