3104 4805
539 322 657 384 248
1213 334 1296 383 DE
1337 332 1540 383 manus
1581 333 2026 384 numillimus

539 487 689 550 rata
729 476 1014 550 felicitas
1063 485 1219 547 est:
1269 496 1457 547 exue
1506 475 1902 558 hominem;
1954 476 2506 549 infelicissimum
2555 499 2697 551 non

537 600 850 693 negabis
892 600 1092 672 Latet
1143 597 1278 670 sub
1317 620 1490 671 auro
1528 599 1913 684 calamitas,
1955 608 2028 670 et
2066 599 2254 692 quod
2293 609 2694 673 extremum

535 725 698 796 mali
756 744 981 815 genus
1039 721 1364 808 arbitror,
1428 720 1820 794 invidiosus
1889 722 2095 793 simul
2152 733 2226 794 et
2283 723 2498 795 miser
2558 734 2688 795 est.

535 847 957 919 Concludam
996 846 1198 917 aliter
1253 868 1467 939 quam
1523 845 1868 917 conclusit
1919 845 2205 917 Plautus
2277 844 2693 938 Epidichum

535 953 788 1041 suam:
830 967 970 1053 hic,
1015 967 1265 1060 inquit,

774 1149 882 1213 Hic
916 1150 970 1212 is
1010 1156 1102 1212 est
1131 1150 1318 1213 homo
1351 1150 1460 1227 qui
1490 1149 1832 1213 libertatem
1864 1149 2092 1214 malitia
2107 1151 2359 1220 ,invenit
2390 1167 2528 1226 sua,

533 1335 673 1405 imo
710 1354 880 1404 vero
929 1330 1042 1403 hic
1089 1331 1351 1404 malitia
1389 1353 1591 1426 opeS,
1636 1332 2012 1426 potentiam
2052 1342 2125 1404 et
2166 1354 2410 1425 regum
2452 1333 2690 1405 amici-

534 1455 666 1526 tias
729 1452 1024 1539 invenit,
1079 1473 1158 1526 se
1216 1475 1558 1547 suamque
1607 1452 2001 1526 libertatem
2054 1454 2371 1548 perdidit.
2423 1454 2694 1528 Habeat

535 1576 668 1648 sibi
712 1576 859 1647 sine
899 1575 1165 1648 invidia
1210 1578 1430 1649 multa
1468 1576 1611 1662 illa,
1650 1587 1722 1649 et
1754 1577 1950 1668 vulgi
1992 1575 2244 1648 iudicio
2283 1598 2687 1670 permagna.

535 1702 639 1772 Tu
678 1701 816 1773 tuis
855 1699 1077 1785 boniS,
1120 1722 1346 1795 eoque
1386 1703 1740 1799 praecipue
1782 1703 1971 1796 quod
2010 1703 2123 1773 ille
2160 1703 2480 1797 perdidit,
2524 1705 2689 1776 felix

536 1841 619 1894 ac
650 1831 1019 1895 contentus
1059 1821 1303 1892 vivito,
1345 1822 1535 1894 Vale.

1320 2306 1676 2372 EPISTOLA
1719 2308 1904 2373 xvm.

994 2491 1381 2543 FRANCISCUS
1424 2493 1763 2545 PETRARGA
1805 2495 1890 2545 An
1932 2492 2235 2546 IGNOTUM.

1149 2664 1486 2721 Obscoenum
1513 2682 1763 2722 amorem
1787 2667 2082 2739 improbat.

730 2911 879 2983 Tibi
930 2910 1213 3004 quidem
1253 2910 1536 2997 amicus,
1575 2932 1714 2982 non
1746 2909 2057 2981 moribus
2099 2909 2238 2981 tuis
2281 2930 2459 2981 sum.
2503 2912 2689 2993 Quid

531 3043 765 3105 autem
804 3034 895 3106 de
936 3045 1005 3104 te
1044 3032 1213 3103 mihi
1251 3032 1480 3126 deque
1521 3039 1665 3103 tota
1714 3041 1833 3104 tua
1866 3055 1945 3104 re
1983 3030 2300 3102 familiari
2333 3029 2681 3116 videatur,

530 3157 857 3250 quoniam
922 3177 1163 3249 rogas,
1215 3155 1585 3228 verissime
1651 3164 1861 3248 atque
1922 3152 2341 3226 brevissime
2396 3175 2524 3250 pro
2573 3173 2688 3224 me

529 3279 813 3350 Plautus
854 3275 1197 3362 absolvet,
1243 3277 1517 3349 nonnisi
1561 3276 1853 3368 singulis
1887 3274 2124 3349 verbis
2156 3275 2250 3347 ad
2291 3277 2587 3367 singula.

723 3399 1033 3471 Primum
1083 3421 1221 3471 non
1261 3398 1432 3469 mihi
1483 3401 1706 3495 placet
1743 3420 1940 3471 amor
1990 3407 2181 3483 tuuS,
2225 3396 2481 3469 animae
2518 3419 2692 3490 pon-

530 3524 667 3596 dus
706 3522 1107 3594 infaustum.
1150 3520 1498 3593 Obscoeno
1538 3521 1702 3613 igne
1734 3519 2113 3615 perureris.
2160 3520 2418 3604 Quaero
2457 3528 2690 3590 autem

528 3669 625 3717 ex
665 3654 732 3716 te
777 3645 880 3740 (ut
917 3645 1275 3716 Plautinus
1317 3664 1573 3715 servus
1613 3643 1684 3712 in
1724 3638 2098 3735 Asinaria):

853 3832 1016 3896 Num
1046 3833 1257 3897 fumus
1290 3839 1383 3896 est
1414 3831 1545 3896 haec
1577 3831 1802 3895 mulier
1834 3848 2022 3912 quam
2055 3831 2472 3913 amplexaris?

531 4013 601 4082 Si
641 4010 767 4084 ciar
807 4015 1207 4107 quaesierim
1247 4015 1665 4107 interroges;
1705 4015 1872 4108 quia
1912 4015 2092 4088 oculi
2133 4017 2233 4087 tui
2274 4037 2552 4111 semper
2588 4018 2687 4085 la-

530 4130 904 4203 crimantes
954 4145 1137 4206 sunt.
1191 4136 1356 4206 Haec
1405 4134 1549 4207 tibi.
1624 4135 2046 4208 Mulierculis
2098 4137 2239 4209 tuis
2287 4138 2422 4210 hoo
2468 4158 2685 4206 unum
