3104 4805
589 401 699 464 182
1260 411 1341 462 1>ss
1384 410 1586 460 nanus
1629 407 2073 458 annuntiamus

584 562 889 658 perditos
929 569 1127 632 natos
1169 562 1375 652 longo
1415 559 1679 651 gemitu
1709 567 1782 629 et
1814 555 2258 653 perdulcibus
2293 557 2742 650 querimoniis

581 696 946 782 persecuta
983 693 1124 768 est,
1171 683 1413 755 nidum
1452 681 1544 753 ab
1581 681 1827 755 eodem
1879 702 2071 752 ramo
2122 680 2484 774 sequentis
2532 703 2743 773 puer-

578 810 751 903 perii
812 811 1159 880 fortunam
1228 815 1575 879 tentatura
1642 803 2027 900 suspendit.
2103 806 2275 875 Rem
2339 803 2562 878 dicam
2618 828 2743 879 no-

583 953 741 1004 vam
784 929 933 1014 tibi,
979 928 1106 1002 sed
1146 928 1469 1001 omnibus
1509 928 1713 1000 vallis
1748 927 1959 999 huius
2001 925 2434 998 notissimam
2474 927 2736 1000 incolis.

579 1053 829 1147 Aquila
868 1051 1277 1145 iampridem
1335 1051 1406 1122 in
1471 1050 1584 1124 his
1652 1049 2003 1124 montibus
2055 1050 2341 1124 habitat.
2393 1051 2737 1124 Subulcus

580 1177 867 1262 advena,
910 1173 1169 1247 nedum
1211 1195 1388 1269 quos
1429 1175 1661 1268 pascit
1704 1174 1975 1261 suibus,
2030 1175 2160 1248 sed
2192 1175 2479 1246 hirsutis
2530 1174 2737 1272 etiam

581 1301 770 1394 apris
809 1298 1135 1391 asperior,
1178 1301 1355 1370 clam
1396 1297 1560 1370 nido
1591 1297 1960 1371 insidiatus
2000 1307 2141 1383 est,
2180 1319 2405 1391 neque
2437 1298 2734 1370 animam

583 1444 781 1497 suam
822 1420 1039 1515 pluris
1079 1421 1494 1493 existimans
1536 1444 1745 1515 quam
1788 1425 2003 1508 valet,
2047 1423 2137 1495 de
2170 1421 2505 1494 altissima
2545 1442 2734 1514 rupe,

583 1566 744 1638 quae
781 1544 949 1614 fonti
989 1543 1280 1636 sorgiae.
1325 1544 1629 1618 nubibus
1672 1567 1821 1640 par,
1861 1544 2238 1638 impendet,
2265 1541 2541 1639 ancipiti
2574 1545 2738 1617 fune

581 1666 963 1753 demissuS,
991 1667 1191 1739 cuius
1219 1668 1319 1740 rei
1353 1671 1467 1740 vel
1497 1668 1901 1742 meminisse
1927 1668 2173 1739 horror
2196 1678 2332 1754 est,
2361 1667 2448 1738 ad
2478 1667 2739 1741 aeriam

582 1790 866 1862 domum
907 1790 1321 1861 temerarius
1363 1790 1715 1885 praedator
1763 1790 2087 1874 accessit,
2148 1799 2223 1862 et
2282 1789 2571 1863 solicitae
2618 1811 2741 1882 ge-

583 1912 837 1998 nitrici,
885 1934 1081 2006 spem
1125 1912 1431 2005 generis,
1473 1914 1700 2006 pullos
1739 1913 2107 2007 implumes
2152 1912 2457 1985 abstulit.
2500 1913 2579 1983 ld
2630 1935 2742 1986 se·

584 2038 744 2120 mel,
788 2036 1001 2130 idque
1041 2037 1292 2108 iterum
1334 2057 1584 2122 ausus,
1638 2035 1736 2106 nil
1786 2037 2083 2130 amplius
2133 2036 2436 2131 aquilam
2486 2037 2736 2123 movit,

587 2179 797 2250 quam
837 2169 917 2229 ut
955 2179 1177 2250 nuper
1225 2158 1571 2231 domicilio
1617 2158 1901 2231 deserto
1951 2159 2189 2232 nidum
2238 2159 2741 2254 dumosamque

586 2280 1077 2374 supellectilem
1113 2280 1184 2350 in
1218 2281 1504 2351 alteram
1540 2283 1735 2376 rupis
1769 2293 2039 2378 partem
2073 2305 2445 2378 parumper
2477 2305 2742 2357 avexe-

585 2404 690 2473 rit.
758 2402 899 2472 Illic
965 2401 1171 2474 modo
1225 2404 1485 2495 saepius
1550 2405 1835 2478 amissae
1877 2407 2137 2480 sobolis
2204 2429 2399 2501 spem
2440 2412 2738 2492 refovet,

585 2523 755 2595 nihil
795 2523 992 2594 solito
1035 2523 1281 2608 laetius,
1339 2539 1414 2597 ut
1452 2547 1631 2598 reor.
1685 2526 2039 2620 Siquidem
2096 2552 2356 2603 saxeus
2395 2533 2532 2605 iste
2566 2553 2741 2605 suus

586 2644 834 2730 hostis,
876 2646 1116 2737 exigui
1143 2646 1312 2719 lucri
1338 2633 1668 2743 cupidus,
1709 2649 1874 2721 vitae
1905 2652 2273 2745 prodiguS,
2311 2654 2449 2724 iam
2484 2667 2740 2726 restem

586 2769 945 2862 nodosque
984 2781 1351 2865 praeparat,
1395 2769 1650 2862 quibus
1690 2793 1817 2864 per
1857 2771 2059 2842 inane
2101 2795 2513 2865 suspensus,
2549 2788 2620 2846 et
2652 2777 2743 2849 de

587 2892 863 2964 insolito
905 2915 1147 2986 specu,
1193 2892 1429 2965 solitas
1468 2892 1745 2987 praedas
1785 2904 1968 2985 agat.
2011 2894 2153 2966 Iam
2191 2894 2454 2965 sensim
2488 2896 2581 2966 ad
2613 2897 2742 2965 mi-

588 3018 843 3088 nimam
885 3040 1114 3090 rerum
1167 3015 1632 3089 ratiocinando
1682 3015 2196 3088 descendimus.
2247 3016 2388 3086 Nec
2435 3013 2737 3085 formicis

593 3137 725 3209 sub
768 3148 946 3211 terra
978 3140 1334 3212 latentium
1361 3138 1767 3211 horreorum
1802 3138 2159 3212 inundatio
2192 3138 2518 3231 graniferi
2550 3136 2741 3208 labo·

594 3261 691 3333 ris
724 3261 1254 3357 experientiam,
1299 3260 1817 3355 frequentisque
1857 3283 2108 3334 cursus
2141 3285 2224 3334 ac
2256 3281 2581 3334 recursus
2614 3259 2743 3330 im-

592 3387 841 3458 minuit
876 3388 1323 3482 voluptatem.
1364 3385 1517 3456 Non
1555 3386 1742 3457 enim
1775 3386 2173 3481 desperant,
2204 3385 2565 3458 infeliciter
2596 3392 2749 3456 ten-

596 3519 736 3583 tata
760 3508 1086 3580 retentari
1121 3530 1331 3603 posse
1349 3508 1638 3580 felicius.
1667 3507 2009 3602 Alioquin,
2041 3509 2100 3580 si
2124 3532 2285 3582 cum
2303 3506 2746 3582 successibus

595 3655 831 3704 rerum
874 3632 1258 3704 animorum
1301 3630 1504 3703 simul
1549 3652 1714 3727 spes
1756 3631 2072 3717 intereat,
2118 3631 2492 3726 torpebunt
2529 3640 2749 3702 aestus

595 3752 661 3837 ii,
703 3776 881 3847 quos
921 3752 1229 3850 undique
1266 3754 1618 3826 cernimus
1653 3754 2000 3827 actionum
2035 3756 2406 3841 variarum,
2441 3752 2750 3849 quotidie

595 3874 1191 3969 interpellantibus
1257 3875 1446 3960 fatis;
1511 3887 1583 3949 et
1626 3878 1845 3950 vitam
1898 3879 2037 3951 situ
2085 3878 2464 3951 marcidam
2514 3878 2747 3950 exitus

597 3995 928 4085 inglorius
963 3998 1289 4085 manebit.
1320 4000 1523 4084 Quod
1565 4022 1651 4071 ne
1684 4002 1857 4073 forte
1891 4001 2347 4095 contingeret,
2386 3999 2750 4072 animanti-

600 4115 735 4189 bus
776 4123 1066 4206 cunctiS,
1134 4134 1207 4194 et
1270 4123 1666 4218 praesertim
1714 4124 2000 4210 homini,
2054 4124 2231 4198 dura
2278 4122 2750 4218 propositique

604 4239 867 4313 tenacia
906 4254 1183 4337 pectora
1224 4246 1384 4319 data
1418 4257 1603 4319 sunt.
1642 4246 1898 4320 Urbem
1938 4251 2223 4323 Romam
2263 4248 2363 4341 (ut
2395 4256 2581 4321 retro
2614 4247 2749 4319 iam
