3104 4805
566 389 681 451 198
1235 404 1316 452 ms:
1359 403 1561 451 annus
1606 403 2047 453 nummatum

559 546 766 618 minis
805 546 1153 631 transivit,
1197 556 1394 617 aceto
1437 546 1522 641 (si
1556 549 1760 618 famae
1785 545 2162 641 credimus)
2194 566 2370 618 saxa
2394 569 2715 642 perrum-

556 691 760 764 penS,
802 669 1004 739 iuxta
1043 667 1211 738 mihi
1253 668 1431 739 visae
1472 681 1663 753 sunt,
1702 691 1862 740 cum
1899 681 2133 740 tamen
2167 691 2425 761 magno
2456 672 2717 745 distent

556 794 939 865 intervallo.
984 790 1362 887 Suspiravi‚
1424 793 1660 876 fateor,
1715 789 1805 864 ad
1845 792 2155 864 italicum
2197 813 2430 865 aerem
2483 797 2717 867 animo

554 917 782 1009 potius
823 937 1031 1009 quam
1069 917 1285 987 oculis
1322 925 1790 1010 apparentem,
1829 925 2040 1008 atque
2072 916 2568 989 inextimabilis
2600 939 2713 990 me

553 1040 761 1112 ardor
799 1039 1056 1111 invasit
1089 1050 1162 1109 et
1194 1037 1490 1110 amicum
1518 1048 1590 1108 et
1616 1037 1907 1132 patriam
1937 1038 2314 1125 revidendi,
2353 1039 2448 1111 ita
2485 1051 2712 1111 tamen

551 1172 628 1232 ut
667 1162 939 1233 interim
981 1161 1052 1232 in
1091 1172 1387 1253 utroque
1431 1159 1741 1232 nondum
1782 1160 2000 1233 virilis
2036 1161 2325 1233 affectus
2360 1161 2708 1233 mollitiem

551 1282 1002 1378 increparem,
1046 1284 1373 1376 quamvis
1411 1284 1776 1354 excusatio
1813 1283 2187 1376 utrobique
2222 1305 2365 1355 non
2413 1283 2703 1369 deforet,

549 1430 958 1501 magnorum
1001 1407 1279 1479 testium
1321 1409 1491 1478 fulta
1527 1405 1877 1500 praesidio.
1921 1406 2302 1500 Occupavit
2348 1406 2511 1477 inde
2558 1406 2707 1477 ani-

547 1553 740 1602 mum
783 1552 963 1602 nova
1002 1530 1354 1622 cogitatio,
1407 1541 1618 1624 atque
1659 1551 1701 1602 a
1740 1530 1908 1601 locis
1963 1530 2272 1601 traduxit
2311 1531 2402 1602 ad
2440 1539 2709 1625 tempo-

547 1675 643 1725 ra.
687 1653 1014 1725 Dicebam
1054 1653 1238 1725 enim
1280 1654 1369 1726 ad
1410 1675 1523 1725 me
1566 1654 1838 1746 ipsum:
1880 1654 2100 1726 Hodie
2133 1654 2448 1727 decimus
2483 1676 2708 1727 annus

544 1781 924 1873 completur
963 1799 1058 1849 ex
1091 1800 1247 1871 quo,
1286 1777 1669 1871 puerilibus
1723 1778 1971 1849 studiis
2023 1776 2356 1862 dimissiS,
2402 1779 2710 1872 Bononia

544 1899 937 1985 excessisti3
975 1911 1064 1984 et,
1108 1923 1151 1973 o
1191 1903 1378 1972 Deus
1409 1901 1858 1972 immortalis!
1890 1923 1932 1972 o
1958 1901 2406 1972 immutabilis
2435 1901 2709 1995 sapien-

544 2025 671 2096 tia!
728 2035 898 2118 quot
943 2034 1014 2095 et
1062 2035 1360 2117 quantas
1413 2045 1684 2096 morum
1749 2035 2022 2097 tuorum
2087 2024 2506 2097 mutationes
2574 2024 2706 2096 hoc

543 2147 844 2220 medium
889 2158 1162 2240 tempus
1205 2147 1403 2220 vidit!
1452 2147 1726 2219 Infinita
1768 2161 2127 2242 praetereO.
2165 2148 2488 2221 Nondum
2523 2149 2706 2219 enim

541 2272 608 2342 in
637 2283 837 2365 portu
876 2292 1057 2354 sum,
1099 2280 1174 2341 ut
1211 2292 1498 2343 securus
1529 2274 2048 2367 praeleritarum
2083 2274 2514 2343 meminerim
2546 2295 2709 2365 pro-

540 2399 890 2469 cellarum.
928 2395 1230 2491 Tempus
1263 2395 1496 2467 forsan
1528 2395 1762 2467 veniet
1794 2396 2102 2490 quand0,
2141 2395 2388 2470 eodem
2423 2417 2562 2489 quo
2588 2417 2707 2487 ge-

543 2531 649 2591 sta
693 2527 857 2590 sunt
894 2517 1166 2604 ordine,
1199 2518 1530 2590 universa
1558 2534 1975 2612 percurram,
2005 2524 2339 2612 praefatus
2368 2520 2538 2591 illud
2563 2519 2705 2590 Au-

540 2642 801 2735 gustini
841 2641 984 2713 tui:
1024 2638 1389 2709 Recordari
1425 2641 1573 2710 volo
1616 2651 1979 2710 transactas
2025 2640 2351 2729 foeditates
2391 2663 2597 2724 mecm,
2642 2651 2705 2709 et

541 2768 838 2837 carnales
887 2763 1336 2853 corruptiones
1372 2763 1616 2830 animae
1654 2785 1842 2843 meae,
1886 2784 2023 2830 non
2079 2761 2251 2853 quod
2298 2784 2406 2832 eas
2453 2784 2701 2846 amem,

538 2889 650 2958 sed
686 2901 758 2957 ut
796 2910 1008 2957 amem
1046 2899 1123 2970 te,
1168 2887 1345 2955 Deus
1383 2906 1583 2954 meua
1630 2884 1797 2955 Mihi
1829 2884 2110 2977 quidem
2146 2886 2437 2953 multum
2473 2882 2702 2955 adhuc

540 3008 845 3099 ambigui
886 3008 1294 3100 molestique
1337 3006 1595 3098 negotii
1648 3017 1989 3101 superest.
2045 3006 2248 3089 Quod
2296 3025 2530 3075 amare
2582 3024 2696 3073 so-

540 3126 789 3211 lebam,
833 3127 973 3198 iam
1014 3150 1151 3199 non
1193 3149 1382 3199 amo:
1427 3129 1751 3200 mentior:
1795 3150 1995 3212 amo;
2044 3129 2167 3200 sed
2208 3126 2693 3213 verecundiuS,

543 3250 670 3322 sed
695 3250 982 3321 tristius.
1007 3250 1150 3320 lam
1181 3251 1460 3324 tandem
1492 3273 1744 3324 verum
1780 3252 1950 3324 dixi.
1990 3251 2102 3323 Sic
2133 3262 2245 3323 est
2274 3250 2485 3322 enim:
2520 3272 2694 3336 am0,

544 3371 667 3445 sed
705 3372 894 3465 quod
931 3394 1070 3444 non
1111 3395 1346 3447 amare
1388 3397 1643 3460 amem,
1691 3376 1882 3468 quod
1919 3374 2155 3447 odisse
2192 3374 2486 3470 cupiam.
2523 3373 2701 3446 Amo

543 3511 791 3583 tamen,
823 3497 950 3570 sed
977 3496 1260 3584 invitUS‚
1284 3498 1411 3571 sed
1437 3511 1745 3584 coactus,
1773 3501 1901 3572 sed
1928 3510 2223 3572 moestus
2242 3508 2313 3569 et
2336 3500 2602 3589 lugens,
2631 3507 2702 3568 et

545 3624 615 3695 in
652 3644 764 3695 me
804 3624 956 3719 ipso
985 3621 1312 3696 versiculi
1345 3623 1526 3695 illius
1562 3622 2012 3696 famosissimi
2048 3622 2458 3695 sententiam
2492 3622 2702 3694 miser

544 3747 905 3839 experior:

934 3860 1130 3925 Odcro
1164 3863 1217 3924 si
1249 3868 1462 3941 potero
1474 3884 1492 3938 ;
1529 3862 1581 3923 si
1619 3868 1770 3936 non,
1808 3860 2038 3923 invitus
2070 3861 2303 3923 amabo.

544 3995 865 4069 Nondum
911 4000 1079 4071 mihi
1117 4002 1366 4072 tertius
1417 4021 1644 4072 annus
1692 4001 1988 4087 effluxit,
2043 4022 2137 4071 ex
2185 4021 2327 4093 quo
2379 4000 2699 4070 voluntas

547 4114 663 4185 illa
701 4134 1033 4209 perversa
1072 4134 1142 4193 et
1182 4142 1505 4215 nequam,
1552 4142 1714 4217 quae
1756 4146 1870 4194 me
1912 4133 2132 4195 totum
2167 4121 2489 4205 habebat,
2526 4127 2597 4189 et
2627 4117 2699 4188 in

548 4240 706 4309 aula
744 4241 972 4312 cordis
1005 4243 1140 4314 mei
1175 4246 1320 4315 sola
1357 4243 1509 4317 sine
1541 4246 2045 4319 contradictore
2092 4243 2454 4338 regnabat,
2492 4242 2702 4334 coepit
