3104 4805
517 360 631 421 130
1185 371 1268 420 ΒΕ
1314 370 1513 421 ΒΕΒΰὸ
1557 369 1998 420 ῈΑΜῙῙᾸΑΒῘΒΗΞ»

1332 632 1689 698 EPISTULA
1729 632 1842 696 ΧΠ.

553 845 936 894 FRANCISCUS
973 843 1308 892 PETRARCA
1344 841 1609 890 IOHANNI
1645 840 1960 889 COLUMNAE
1998 840 2344 888 CARDINALI
2380 842 2431 890 S.
2469 844 2523 891 Ρ.
2562 844 2621 891 D.

741 1027 809 1078 Se
840 1024 908 1076 ad
939 1028 1184 1077 montom
1214 1020 1517 1093 Caprarum
1535 1038 1749 1093 „quem
1779 1022 2068 1090 describit,
2099 1023 2432 1095 pervenisse.

707 1250 1302 1341 Peropportunum
1336 1245 1524 1314 curis
1568 1245 1741 1316 meis
1777 1247 2027 1329 locum,
2068 1247 2127 1317 si
2167 1268 2302 1316 non
2339 1247 2474 1317 alio
2513 1268 2675 1340 pro-

512 1381 787 1466 peraret
837 1369 1142 1453 animus,
1212 1361 1457 1439 nactus
1528 1388 1684 1438 sum
1735 1368 1801 1437 in
1858 1369 2139 1461 regione
2191 1390 2492 1440 romana.
2545 1371 2675 1442 Ca-

513 1516 794 1592 prarum
835 1513 1036 1563 mons
1077 1490 1303 1562 dictus
1345 1499 1457 1562 est
1494 1491 1683 1576 olim,
1728 1492 1962 1577 cred0,
2007 1493 2197 1585 quod
2226 1493 2674 1565 ’silvestribus

514 1618 837 1709 virgultis
872 1614 1243 1699 obsessuS‚
1284 1613 1532 1706 capris,
1563 1637 1771 1706 quam
1802 1615 2215 1700 hominibus,
2259 1616 2676 1709 frequentior

514 1739 908 1812 haberetur.
975 1738 1314 1810 Paulatim
1373 1738 1695 1830 cognitus
1759 1739 1885 1809 loci
1951 1738 2167 1842 situs,
2237 1753 2308 1811 et
2373 1751 2679 1835 spectata

514 1863 850 1948 fertilitaS,
896 1862 1323 1935 habitatores
1359 1861 1623 1954 aliquot
1657 1871 1904 1956 sponte
1934 1862 2305 1947 contraxit,
2346 1885 2387 1934 a
2419 1865 2677 1957 quibus

515 2009 645 2059 arx
695 1987 1023 2058 eminenti
1067 1986 1238 2058 satis
1282 1987 1547 2057 tumulo
1586 1986 1907 2068 fundata3
1949 1994 2019 2055 et
2057 1986 2423 2059 domorum
2460 2011 2681 2081 quan-

518 2118 663 2180 tum
736 2110 930 2182 collis
997 2118 1340 2200 angustus
1389 2109 1683 2202 patitur,
1754 2110 1983 2182 adhuc
2046 2119 2252 2182 vetus
2316 2132 2679 2204 caprarum

518 2233 936 2306 vocabulum
978 2251 1117 2300 non
1158 2228 1410 2302 amisit.
1456 2231 1683 2301 Locus
1718 2231 2044 2322 ignobilis
2085 2235 2290 2316 fama,
2327 2232 2685 2303 nobiliori-

519 2355 654 2429 bus
702 2354 1002 2445 cingitur
1053 2352 1243 2424 locis.
1312 2351 1441 2422 Est
1502 2350 1665 2423 hinc
1725 2354 2006 2427 Soracte
2063 2377 2291 2441 monS,
2346 2356 2684 2427 Silvestro

518 2480 748 2549 clarus
816 2476 1079 2557 incola3
1142 2473 1267 2545 sed
1317 2483 1387 2545 et
1437 2486 1599 2547 ante
1648 2477 2065 2549 Silvestrum
2117 2490 2482 2574 poetarum
2533 2501 2686 2550 car-

520 2596 818 2668 minibus
870 2596 1202 2667 illustris:
1239 2596 1398 2668 hinc
1451 2598 1697 2669 Cimini
1748 2622 1907 2670 cum
1959 2612 2190 2672 monte
2243 2604 2465 2686 lacuS‚
2511 2625 2687 2694 quo-

520 2741 675 2789 rum
725 2716 1038 2789 meminit
1094 2717 1474 2810 Virgilius:
1515 2719 1704 2803 ,hinc
1770 2722 2100 2804 Sutrium,
2169 2724 2357 2812 quod
2411 2723 2688 2793 nonnisi

521 2840 798 2912 duobus
857 2860 1192 2932 passuum
1263 2839 1570 2912 millibus
1617 2841 1843 2925 abest,
1891 2842 2097 2913 sedes
2149 2841 2381 2912 Cereri
2433 2842 2683 2933 gratis-

522 2962 719 3049 sima,
763 2973 835 3035 et
870 2972 1081 3034 vetus
1126 2962 1240 3057 (ut
1278 2962 1679 3057 perhibent)
1726 2964 2001 3035 Saturni
2051 2963 2336 3034 colonia.
2381 2964 2684 3053 Campus

522 3083 913 3157 ostenditur
961 3105 1101 3155 non
1151 3086 1356 3176 longe
1423 3107 1464 3156 a
1523 3084 1769 3170 muris,
1833 3083 1951 3157 ubi
2015 3085 2311 3178 primum
2374 3086 2445 3154 in
2494 3085 2687 3157 Italia

521 3208 846 3281 frumenti
880 3229 1120 3280 semen
1153 3206 1245 3277 ab
1284 3205 1560 3280 advena
1599 3231 1766 3300 rege
1802 3207 2057 3280 iactum
2089 3207 2355 3293 dicunt,
2395 3207 2688 3303 primam

523 3352 829 3405 messem
907 3333 1077 3404 falce
1151 3329 1502 3404 desectam
1537 3359 1550 3401 ε
1624 3354 1765 3424 quo
1815 3331 2154 3403 beneficio
2219 3331 2691 3423 miraculoque

523 3452 830 3529 delinitis
880 3453 1158 3539 animis,
1197 3454 1269 3525 in
1306 3463 1575 3547 partem
1627 3454 1821 3545 regni
1860 3454 2146 3539 vivens,
2190 3453 2261 3523 in
2301 3454 2693 3546 opinionem

525 3576 910 3651 divinitatis
936 3576 1082 3648 vita
1107 3580 1405 3663 functus
1434 3579 1675 3649 favore
1700 3576 2057 3649 hominum
2086 3586 2450 3671 exceptus,
2472 3598 2694 3648 senex

528 3723 681 3784 rex,
721 3712 792 3773 et
830 3700 1089 3772 falcifer
1130 3702 1319 3772 Deus
1353 3709 1484 3771 est.
1528 3700 1670 3770 Aer
1710 3698 1846 3785 hic,
1893 3711 2229 3792 quantum
2267 3698 2485 3771 breve
2519 3709 2694 3770 tem-

528 3843 662 3915 pus
687 3823 1015 3909 ostendit,
1064 3822 1589 3894 saluberrimus.
1619 3823 1819 3907 Hinc,
1852 3824 2059 3908 illinc,
2090 3824 2302 3895 colles
2331 3822 2690 3902 innumeri,

532 3942 890 4014 altitudine
939 3966 1071 4016 nec
1110 3966 1404 4016 accessu
1451 3945 1734 4031 difficili,
1788 3954 1860 4018 et
1908 3947 2241 4041 expedita
2274 3943 2687 4039 prospectui.

533 4062 718 4133 Inter
765 4087 968 4155 quoS,
1015 4078 1086 4138 et
1128 4069 1457 4141 umbrosa
1495 4070 1790 4141 laterum
1826 4091 2167 4154 convexa,
2213 4079 2284 4139 et
2323 4089 2535 4163 opaca
2559 4065 2693 4135 cir-

531 4208 685 4257 cum
760 4195 956 4259 antra
1021 4190 1416 4281 subsidunt.
1488 4193 1805 4285 Undique
1867 4191 2367 4264 submovendis
2429 4186 2693 4259 solibus
