3104 4805
635 371 751 431 404
1304 383 1385 429 uu
1427 381 1629 428 nauus
1675 380 2114 429 mummulus

638 553 765 600 seu
813 530 966 600 coeli
1020 528 1448 599 inclementia
1498 538 1873 611 contract0,
1915 530 2157 599 Saonae
2209 530 2595 602 subsistere
2629 557 2788 606 coa-

633 663 788 722 ctus
829 650 1077 722 acerba
1120 649 1285 720 mihi
1328 653 1550 720 morte
1594 649 2042 720 subtrabitur.
2080 651 2229 733 Qua
2279 651 2346 721 in
2402 676 2479 723 re
2530 657 2784 747 quibus

635 771 936 862 longaevi
976 770 1283 863 parentis
1325 791 1407 840 ac
1447 770 1723 841 miserae
1764 772 2004 841 matris
2047 771 2402 843 orbitatem
2454 776 2787 847 fratrum-

634 914 770 983 que
824 890 1261 961 solitudinem
1315 913 1395 960 ac
1448 913 1762 961 sororum
1818 893 2136 963 lacrimas
2188 897 2606 980 consolarer,
2662 900 2786 988 qui

637 1033 827 1082 meas
868 1012 1182 1105 proprias
1225 1011 1438 1082 lenire
1481 1034 1614 1082 non
1660 1015 1999 1103 possem?
2040 1014 2278 1105 Itaque
2316 1014 2511 1085 turba
2549 1039 2784 1088 rerum

635 1133 1179 1216 circumventuS,
1226 1133 1351 1203 feci
1394 1133 1583 1224 quod
1628 1134 1695 1201 in
1749 1132 2000 1204 talibus
2055 1138 2270 1218 sole0,
2326 1135 2580 1229 quique
2629 1160 2785 1209 mos

632 1253 997 1348 peculiaris
1050 1253 1315 1323 inertiae
1365 1274 1540 1323 meae
1590 1264 1735 1323 est:
1793 1254 2002 1324 statui
2053 1277 2147 1324 ex
2197 1277 2405 1348 aequo
2457 1257 2786 1330 universa

633 1376 1010 1467 negligere,
1042 1376 1171 1458 vel,
1212 1375 1271 1444 si
1306 1396 1608 1466 possem,
1638 1376 1843 1445 etiam
1872 1375 2209 1448 oblivisci.
2248 1377 2360 1447 Sic
2393 1379 2635 1450 affecto
2669 1390 2786 1452 tua

636 1498 941 1568 incidens
968 1498 1259 1588 epistola
1297 1504 1638 1588 torporem
1676 1494 1989 1580 abstulit,
2028 1507 2097 1566 et
2132 1496 2541 1568 destitutum
2577 1509 2781 1591 atque

633 1618 973 1688 abiectum
1041 1620 1381 1687 calamum
1436 1617 1778 1698 restituit;
1858 1627 1994 1686 tam
2059 1617 2281 1688 dulcis
2360 1620 2668 1710 gravitas
2712 1632 2783 1690 et

636 1751 772 1809 tam
811 1739 1046 1829 gravis
1072 1738 1368 1809 dulcedo
1395 1738 1632 1807 inerat.
1674 1739 1853 1807 Sane
1885 1737 2070 1829 quod
2107 1738 2285 1808 inter
2319 1751 2574 1811 caetera
2618 1743 2787 1812 scri-

635 1870 825 1952 ptum
863 1867 1039 1943 erat,
1078 1858 1331 1930 Africae
1382 1861 1580 1928 meae'
1611 1880 1860 1928 nomen
1915 1859 2266 1950 suspirare
2321 1864 2436 1931 vel
2497 1862 2783 1932 invitum

634 1982 1002 2073 compulit3
1040 2003 1267 2073 neque
1307 1981 1488 2050 enim
1536 1984 1727 2051 solus
1770 1980 1978 2072 coepti
2021 1981 2204 2051 illius
2255 1983 2522 2053 exitum
2573 2006 2792 2076 expe-

635 2114 803 2198 ctas.
835 2103 999 2174 Mihi
1029 2126 1198 2175 vero
1230 2103 1615 2198 promptius
1654 2104 1742 2174 sit
1777 2125 2028 2174 arenas
2064 2103 2273 2174 maris
2308 2113 2378 2174 et
2410 2107 2564 2177 coeli
2601 2118 2789 2176 astra

635 2246 1023 2307 numerare,
1080 2247 1288 2316 quam
1341 2234 1589 2294 cuncta
1639 2225 1934 2294 fortunae
1983 2224 2338 2295 laboribus
2391 2227 2565 2296 meis
2617 2228 2794 2296 invi-

635 2344 863 2416 de'ntis
937 2345 1314 2417 obstacula.
1395 2347 1636 2415 Finem
1713 2357 1784 2417 et
1845 2345 1995 2437 ipse
2062 2346 2364 2418 incertus
2440 2349 2785 2441 opperior,

635 2487 921 2556 prorsus
974 2488 1061 2533 ne
1103 2468 1358 2536 frustra
1409 2466 1878 2557 vigilaverim‚
1935 2490 2015 2539 ac
2066 2468 2230 2537 mihi
2284 2471 2527 2540 saltem
2581 2469 2792 2541 studii

636 2584 769 2655 mei
816 2586 1137 2675 voluptas
1172 2587 1428 2678 aliqua,
1470 2589 1793 2680 quamvis
1847 2610 2029 2672 sera,
2088 2599 2428 2659 servetur.
2482 2592 2682 2674 Quod
2733 2594 2794 2661 si

639 2704 766 2773 rite
810 2706 1258 2791 successerit,
1304 2708 1394 2779 ad
1435 2709 1568 2777 hoc
1618 2709 2119 2798 qualecumque
2175 2712 2640 2800 spectaculum
2685 2712 2792 2780 in-

641 2826 823 2915 genii
866 2826 1127 2897 curabo
1167 2851 1256 2898 ne
1306 2828 1462 2919 quis
1517 2837 1583 2894 te
1636 2825 2020 2917 praeveniat
2069 2825 2137 2892 in
2187 2805 2568 2899 orchestra.
2617 2831 2789 2900 Ulti-

640 2969 818 3017 mam
862 2947 1241 3018 litterarum
1288 2958 1559 3018 tuarum
1603 2945 2003 3033 particulam
2046 2942 2419 3013 subridens
2463 2949 2618 3035 legi.
2675 2951 2790 3016 Iu-

639 3077 760 3139 vat
798 3069 981 3136 enim
1028 3066 1248 3136 morbi
1290 3065 1424 3133 mei
1476 3063 1734 3132 veteris
1787 3063 1960 3131 tales
2013 3083 2223 3132 nosse
2273 3064 2668 3155 participeS,
2716 3080 2789 3135 et.

638 3188 951 3259 arbitrari
994 3207 1204 3276 cogor
1243 3207 1375 3254 non
1420 3181 1721 3273 ignobile
1749 3181 2089 3264 accidenS,
2120 3184 2308 3272 quod
2349 3183 2418 3252 in
2462 3184 2576 3255 tali
2620 3208 2795 3256 con-

641 3308 898 3380 sederit
941 3306 1271 3376 subiecto.
1316 3306 1633 3374 Solamen
1675 3323 1847 3374 vero
1898 3304 2208 3393 vulgaris
2260 3305 2548 3399 eloquii,
2602 3310 2794 3399 quod

638 3449 728 3497 ex
772 3450 881 3525 me
920 3429 1172 3506 iocose,
1227 3426 1360 3495 nisi
1411 3427 1629 3509 fallor,
1682 3423 1947 3516 exigis,
2001 3446 2136 3515 ego
2184 3448 2278 3496 ex
2347 3436 2440 3511 te,
2514 3428 2572 3497 si
2617 3430 2792 3498 forte

640 3545 1145 3618 animi'vulnus
1188 3547 1397 3618 fando
1432 3524 1871 3628 lentesceret,
1916 3555 1987 3615 et
2027 3542 2453 3636 poscendum
2491 3548 2793 3619 dicerem

639 3678 710 3739 et
752 3669 1192 3760 sperandum.

963 3869 1213 3931 Hiscene
1250 3863 1569 3931 versiculis
1604 3883 1809 3946 speras
1849 3868 1960 3929 tibi
1996 3883 2173 3946 posse
2208 3868 2444 3929 dolores

965 3968 1160 4046 Atque
1192 3974 1377 4030 aestus
1409 3983 1709 4044 curasque
1742 3981 1960 4041 graves
1993 3980 2026 4024 e
2059 3972 2300 4040 pectore
2331 3963 2515 4040 pelli?

642 4159 1005 4249 Augentur
1039 4165 1265 4255 potius
1303 4166 1739 4254 alunturque.
1782 4160 1932 4231 Alia
1965 4171 2071 4231 est
2107 4159 2314 4250 igitur
2348 4160 2554 4230 huius
2588 4157 2799 4247 aegri-
