3104 4805
915 404 1101 452 msssn
1144 402 1898 452 snprnws-—smsrom
1946 406 2003 451 x.
2190 452 2195 457 ,
2421 391 2533 452 377

387 548 611 643 spatio
661 547 898 617 venire
956 543 1367 618 debuissent
1427 568 1522 616 ex
1586 546 1909 642 AEgypto.
1976 546 2334 619 Venerunt
2381 570 2539 621 cum

382 670 486 742 eis
538 680 608 741 et
656 670 1034 742 amicorum
1085 670 1373 750 litterae,
1442 677 1514 740 et
1575 668 1875 740 duorum
1940 668 2109 740 facie
2169 670 2338 739 mihi
2402 691 2541 743 non

385 803 738 878 notorum,
787 792 911 864 sed
953 791 1192 884 utique
1249 791 1647 877 illustrium,
1694 800 1771 862 ut
1805 790 2006 877 dicis,
2051 791 2410 879 iuvenum,
2465 804 2544 865 ut

388 917 645 1010 scripta
697 923 1064 998 testantur,
1113 934 1403 984 senum:
1446 914 1693 1006 quales
1735 912 1994 984 utinam
2039 916 2293 983 multos
2332 913 2544 987 habe-

387 1048 494 1109 ret
543 1038 792 1110 civitas
842 1048 1104 1122 vestra,
1152 1037 1212 1107 si
1252 1046 1482 1107 tamen
1521 1057 1661 1107 non
1702 1044 1895 1107 esset
1933 1036 2001 1106 in
2049 1034 2336 1106 exilium
2376 1036 2545 1107 mis-

387 1183 596 1247 sura,
666 1160 805 1233 imo
854 1162 1061 1231 etiam
1116 1159 1176 1230 si
1226 1159 1571 1245 missura,
1614 1182 1911 1254 quorum
1976 1157 2324 1254 dispersio
2388 1158 2546 1230 reli-

385 1305 560 1376 quas
630 1286 878 1355 saltem
943 1282 1263 1355 civitates
1329 1283 1594 1356 italicas
1658 1283 2049 1356 adornaret.
2118 1282 2254 1354 Sed
2301 1282 2544 1356 omitto

385 1405 565 1479 hanc
606 1406 1103 1479 inexhaustam
1139 1428 1414 1502 semper
1445 1416 1516 1479 et
1555 1415 1862 1478 veterem
1902 1408 2285 1499 querelam,
2333 1412 2406 1476 et
2438 1426 2547 1476 re-

386 1540 624 1602 vertor
674 1530 764 1604 ad
815 1531 1099 1602 litteras
1136 1530 1454 1601 Omnium
1497 1532 1641 1601 fere
1682 1550 1821 1600 una
1862 1530 2201 1602 sententia
2239 1539 2373 1600 est.
2415 1529 2546 1600 Ar-

388 1675 590 1746 guor,
645 1664 802 1747 post
867 1654 1295 1747 propositum
1364 1652 1688 1724 veniendi
1755 1652 2170 1724 Florentiam
2196 1710 2211 1735 ,
2278 1654 2409 1725 iter
2475 1654 2546 1724 in
2606 1632 2611 1647 ⁸

388 1776 802 1872 Cisalpinam
877 1776 1166 1847 Galliam
1234 1775 1647 1860 deflexisse,
1719 1773 1923 1868 quasi
1986 1777 2235 1847 natalis
2303 1777 2545 1869 patriae

386 1908 841 1994 contemptor,
893 1908 965 1969 et
1016 1921 1176 1992 spes
1227 1919 1311 1970 ac
1359 1907 1522 1969 vota
1565 1900 1935 1969 multorum
1990 1919 2100 1970 me
2148 1897 2283 1969 illic
2329 1920 2548 1993 expe-

386 2023 716 2094 ctantium
757 2021 1081 2093 elusisse.
1122 2023 1409 2092 Possem
1453 2019 1543 2092 ad
1585 2020 1736 2092 haec
1778 2020 2217 2093 multifariam
2259 2041 2546 2115 respon-

388 2148 584 2231 dere,
622 2156 694 2217 et
732 2144 901 2239 quid
928 2144 1221 2216 aliorum
1246 2165 1723 2240 responsurus
1762 2146 1891 2216 sim
1932 2143 2204 2228 litteriS,
2248 2143 2546 2215 necdum

391 2270 553 2341 scio.
596 2266 1061 2361 Respondebo
1114 2278 1345 2339 tamen
1396 2266 1685 2359 aliquid,
1731 2269 1888 2340 licet
1947 2267 2543 2362 occupatissimus.

389 2397 623 2487 Rogas
671 2392 898 2476 enim3
971 2414 1227 2486 sequar
1278 2391 1653 2488 impetum:
1721 2391 1888 2465 dum
1941 2394 2247 2465 calamus
2297 2391 2430 2464 erit
2478 2391 2547 2462 in

391 2518 742 2603 manibuS‚
793 2517 904 2588 ille
951 2516 1152 2600 mihi,
1199 2537 1339 2609 quo
1396 2538 1472 2587 se
1520 2514 1681 2587 duci
1727 2516 1922 2600 velit,
1966 2515 2303 2588 ostendet.
2347 2516 2546 2587 Certe

389 2666 547 2714 cum
590 2641 753 2726 illis,
802 2651 879 2711 ut
920 2639 1077 2712 stilo
1121 2638 1564 2711 scribentium
1618 2638 1931 2722 satisfiat,
1977 2660 2336 2710 musarum
2379 2637 2547 2709 mihi

391 2765 716 2858 praesidio
757 2786 930 2857 opus
974 2763 1124 2834 erit.
1181 2762 1327 2834 Tibi
1388 2774 1652 2847 autem,
1708 2762 1818 2834 cui
1871 2764 2020 2834 sine
2068 2763 2208 2834 ullo
2259 2760 2548 2834 artificio

390 2899 629 2984 aperta
666 2899 736 2959 et
776 2883 964 2958 nuda
1016 2886 1249 2958 omnia
1295 2908 1458 2957 esse
1508 2883 1792 2969 debent,
1838 2909 2052 2957 unum
2097 2886 2229 2957 hoc
2264 2884 2545 2956 minime

390 3011 748 3096 tacuerim,
793 3009 984 3103 quod
1019 3032 1250 3102 neque
1287 3010 1557 3081 viarum
1602 3008 1825 3091 labor,
1865 3030 2090 3101 neque
2130 3009 2348 3104 pestis
2384 3007 2544 3079 anni

387 3134 595 3206 huius
658 3132 1068 3202 universum
1120 3129 1386 3214 orbem,
1434 3128 1559 3200 sed
1607 3140 1855 3201 cuncta
1902 3130 2291 3222 praesertim
2349 3129 2546 3200 litora

390 3266 753 3347 proterens
820 3262 1030 3344 atque
1085 3273 1534 3335 consumens,
1589 3272 1817 3343 neque
1874 3250 2083 3322 animi
2134 3251 2270 3321 mei
2320 3250 2544 3334 dolor,

390 3395 619 3466 neque
694 3375 874 3444 mala
955 3373 1113 3464 (nisi
1180 3372 1399 3462 fallor)
1480 3382 1550 3441 et
1614 3371 1850 3464 iniqua
1921 3371 2167 3466 patriae
2233 3371 2547 3443 tractatio

393 3518 503 3567 me
581 3518 622 3566 a
701 3503 1030 3588 suscepto
1104 3493 1350 3565 itinere
1409 3493 1851 3580 detorsisset,
1906 3496 2295 3587 praesertim
2360 3517 2542 3577 cum,

393 3616 656 3687 maiore
690 3614 946 3685 laboris
981 3625 1173 3706 parte
1209 3614 1536 3696 confecta,
1564 3613 1700 3684 iam
1730 3615 2009 3687 Ianuam
2046 3616 2545 3709 pervenissem.

394 3740 559 3808 Haec
623 3737 835 3828 igitur
883 3735 1116 3807 verior
1175 3746 1246 3807 et
1303 3735 1526 3829 potior
1581 3759 1793 3809 causa
1854 3738 2250 3831 fuit,·quod
2300 3760 2549 3810 secun-

393 3859 560 3930 dum
630 3882 825 3954 spem
891 3882 1101 3953 quam
1168 3871 1399 3931 mente
1464 3882 1945 3954 conceperam,
2012 3862 2149 3934 imo
2211 3884 2382 3935 vero
2447 3862 2547 3956 (ut

393 3993 692 4055 eventus
733 3983 989 4077 docuit)
1033 3983 1573 4070 somniaveram‚
1621 3983 1769 4057 fieri
1822 4009 1959 4059 non
2002 4007 2209 4079 posse
2260 3985 2549 4059 videba-

396 4114 538 4191 tur,
582 4107 747 4199 quin
792 4106 1092 4199 aliquem
1138 4105 1257 4178 tibi
1301 4130 1535 4179 rerum
1578 4120 1972 4182 nostrarum
2022 4109 2354 4181 laetiorem
2396 4109 2547 4181 exi-

395 4240 535 4302 tum
574 4229 912 4301 afferrem.
958 4231 1196 4323 Itaque
1236 4229 1438 4303 dulce
1479 4243 1628 4305 crat
1669 4245 2039 4326 expectare
2083 4235 2305 4307 donec
2340 4233 2407 4304 in
2451 4234 2547 4301 lo-
