3104 4805
2363 363 2472 424 457

318 1358 817 1414 Pnonsconsxox.
885 1398 2190 1411 .......................
2466 1375 2483 1413 1

465 1447 639 1501 Index
671 1446 934 1501 Codicum
970 1447 1027 1500 in
1065 1446 1267 1517 quibus
1308 1452 1494 1501 extant
1532 1448 1778 1519 epistolae
1822 1465 1976 1519 paene
2008 1464 2203 1503 omnes

575 1535 1487 1589 F.Petrareae.........;
1533 1577 1842 1589 ......
1869 1569 1876 1574 -
1889 1577 2194 1590 ......
2345 1552 2483 1592 xxm

466 1623 640 1678 Index
666 1624 975 1677 litterarum
1012 1640 1134 1693 quae
1166 1622 1245 1678 ,ab
1282 1621 1459 1676 indice
1490 1623 1928 1692 Meneghelliano
1958 1625 2196 1695 expungi

572 1711 776 1765 debent
783 1750 2197 1766 .........................
2375 1728 2486 1768 xxv

465 1801 640 1856 Index
671 1801 983 1854 litterarum
1023 1816 1146 1870 quae
1194 1800 1251 1852 in
1296 1798 1475 1852 indice
1519 1800 1955 1870 Meneghelliano
1993 1801 2203 1857 deside·

574 1894 770 1942 rantur
774 1928 2191 1943 .........................
2329 1905 2485 1945 xxvn

466 1974 629 2027 Initia
646 1974 959 2027 litterarum
980 1974 1245 2026 omnium
1263 1974 1607 2044 alphabetico
1631 1975 1823 2029 ordine
1844 1975 2126 2047 disposita,
2148 1982 2202 2030 et

576 2063 802 2117 nomina
829 2079 1023 2117 eorum
1054 2062 1123 2116 ad
1155 2079 1294 2134 quos
1320 2063 1515 2117 litterae
1546 2063 1728 2117 missae
1758 2067 1887 2116 sunt
1893 2104 2200 2117 ......
2309 2077 2484 2118 xxvm

468 2151 723 2221 Epistolae
754 2151 1105 2204 Familiares
1135 2156 1190 2204 et
1228 2151 1422 2204 Variae
1460 2150 1516 2204 in
1547 2150 1719 2204 libros
1750 2149 2083 2218 distributae,
2116 2167 2204 2204 ea·

578 2255 815 2310 rumque
842 2245 1187 2309 argumenta.
1253 2278 1614 2291 .......
1647 2264 1655 2273 ·
1663 2277 2201 2290 ..........
2237 2252 2487 2292 Lxxxvm

469 2327 706 2381 Nomina
735 2344 927 2381 eorum
947 2326 1015 2381 ad
1036 2343 1176 2398 quos
1195 2326 1255 2379 F.
1280 2327 1550 2380 Petrarcae
1572 2327 1768 2380 litterae
1798 2342 1993 2378 omnes
2021 2325 2202 2379 missae

576 2420 734 2481 sunt,
766 2414 1108 2484 alphabetico
1136 2413 1328 2467 ordine
1358 2413 1623 2485 disposita
1629 2454 2200 2467 ...........
2336 2427 2487 2467 cxxn

469 2501 691 2553 Tabulae
721 2502 1043 2569 synchronae
1072 2500 1141 2553 ad
1171 2501 1334 2553 vitam
1364 2500 1424 2553 F.
1460 2501 1732 2553 Petrarcae
1739 2539 2201 2552 .........
2320 2515 2488 2554 cxxlx

472 2588 839 2657 Epistolarum
860 2588 921 2641 F.
945 2588 1216 2641 Petrarcae
1237 2586 1305 2640 de
1327 2586 1515 2640 Rebus
1536 2586 1919 2639 Familiaribus
1947 2591 2002 2640 et
2022 2586 2206 2639 Varia·

577 2692 704 2730 rum
732 2676 1038 2744 distinctio,
1072 2692 1181 2747 qua
1211 2674 1371 2729 editae
1401 2675 1489 2728 vel
1519 2674 1758 2728 ineditae.
1836 2716 2202 2727 .......
2362 2691 2487 2731 cml

323 2806 418 2862 Fr.
454 2810 725 2863 Petrareae
756 2809 1000 2879 Epistola
1028 2809 1096 2861 ad
1133 2809 1408 2863 Posteros.
1482 2850 2199 2861 .............
2452 2810 2480 2862 1

323 2896 409 2950 ΒΕ
438 2899 633 2951 Rssssns
661 2897 1093 2950 memmnns.
1127 2896 1380 2950 Prael'atio
1390 2938 2198 2949 ...............
2417 2897 2490 2952 13

468 2984 630 3036 Liber
667 2983 887 3037 Primus
894 3023 2198 3036 .......................
2417 2984 2490 3040 29

517 3094 591 3108 -ι
667 3069 957 3124 Secundus
964 3110 2197 3123 ......................
2419 3072 2490 3125 74

518 3184 588 3193 —
667 3157 902 3209 Tertius.
956 3197 2084 3210 ....................
2123 3174 2138 3209 ·.
2187 3201 2196 3209 .
2381 3157 2489 3213 136

516 3270 586 3280 -
669 3243 910 3304 Quartus
917 3283 2195 3298 .......................
2381 3246 2488 3300 193

518 3359 586 3368 —
670 3329 908 3393 Quintus
916 3369 2196 3385 .......................
2233 3368 2236 3371 -
2383 3333 2489 3389 250

518 3448 589 3457 ——
670 3418 870 3471 Sextus
876 3457 1609 3470 .............
1651 3409 1662 3417 ”
1659 3460 2195 3473 ..........
2380 3422 2488 3476 302

518 3536 586 3545 —
670 3506 950 3576 Septimus
958 3547 1369 3559 ........
1411 3525 1418 3533 ·
1418 3548 2192 3561 ..............
2379 3509 2486 3563 354

515 3622 585 3632 -
668 3594 905 3647 Octavus
911 3633 2196 3646 .......................
2379 3594 2485 3648 406
