3104 4805
1016 406 1201 455 uessa
1246 408 1915 460 ramus.-Ems·rom
1963 413 2024 460 11.
2516 403 2587 463 37

1284 703 1640 768 EPISTOLA
1690 706 1753 769 11.

594 915 977 966 raAnclscns
1010 916 1345 967 PETRARCA
1379 917 1725 968 anuumno
1761 918 2161 969 surssamrlo
2197 920 2250 969 s.
2287 922 2342 970 r.
2379 924 2438 971 n.

516 1112 816 1167 Hominum
844 1112 1009 1167 vitam
1038 1130 1193 1186 aeque
1221 1130 1283 1168 ac
1310 1114 1602 1168 flosculum
1632 1121 1911 1170 momento
1950 1117 2219 1189 temporis
2255 1123 2310 1172 et
2347 1119 2521 1173 virere

1341 1207 1397 1256 et
1421 1220 1690 1259 arescere.

639 1426 883 1496 Vereri
907 1425 1074 1495 mihi
1107 1425 1258 1520 (nec
1282 1427 1647 1521 immerito)
1681 1429 1878 1500 visus
1908 1450 2022 1514 eS,
2060 1451 2148 1499 ne
2185 1428 2397 1524 (quod
2450 1433 2594 1501 sere

446 1547 767 1621 omnibus
817 1549 1373 1621 adolescentibus
1424 1549 1691 1645 accidit)
1746 1552 1971 1623 aetatis
2033 1552 2207 1623 flore
2269 1552 2590 1644 decipiar.

447 1673 597 1744 Non
645 1672 1018 1764 pollicebor
1066 1671 1214 1757 tibi,
1269 1683 1495 1766 pater,
1552 1674 1857 1744 animum
1912 1675 2208 1746 solidum
2251 1698 2332 1746 ac
2384 1674 2597 1747 stabi-

448 1796 609 1877 lem,
652 1794 1017 1888 omnisque
1067 1795 1391 1867 vanitatis
1443 1806 1762 1868 exortem
1821 1796 2030 1889 (quod
2081 1796 2152 1866 in
2204 1797 2335 1869 hac
2388 1808 2594 1869 {etate

451 1917 941 2003 difficillimum,
986 1929 1057 1989 et
1093 1918 1323 2011 potius
1373 1918 1634 1989 divinae
1685 1919 1958 2010 gratiae,
2013 1941 2221 2011 quam
2271 1919 2595 1991 humanae

454 2039 725 2111 virtutis
765 2040 1112 2133 arbitror);
1156 2041 1283 2112 sed
1323 2051 1623 2112 mentem
1667 2041 2210 2133 haudquaquam
2254 2061 2404 2111 suae
2433 2063 2597 2112 con-

449 2163 724 2235 ditionis
760 2165 1071 2256 ignaram
1109 2165 1440 2258 spondeo.
1477 2165 1712 2235 Sentio
1746 2187 1859 2234 me
1898 2163 2089 2257 (mihi
2124 2163 2384 2258 crede),
2414 2188 2596 2236 nune

446 2286 613 2357 dum
653 2287 958 2358 maxime
1007 2287 1254 2360 florere
1302 2288 1581 2373 videor,
1638 2288 1944 2359 maxime
1994 2287 2084 2358 ad
2134 2287 2593 2360 arescendum

451 2432 761 2503 pergere.
816 2411 997 2493 Quid
1045 2413 1114 2481 in
1164 2435 1241 2484 re
1291 2413 1650 2483 celerrima
1701 2410 2040 2503 segnibus
2092 2411 2331 2482 verbis
2384 2423 2541 2483 utor
2564 2416 2599 2480 ‘J

448 2532 587 2604 imo
657 2552 825 2602 vero
896 2554 1267 2626 properare
1287 2590 1302 2617 ‚
1370 2533 1508 2604 imo
1572 2555 1890 2616 currere,
1978 2533 2117 2605 imo
2189 2533 2291 2626 (ut
2354 2535 2595 2626 loquar

448 2655 747 2748 proprie)
786 2659 1043 2727 volare.
1083 2656 1287 2729 Volat
1318 2657 1503 2727 enim
1537 2666 1711 2728 aetas
1752 2656 1853 2752 (ut
1887 2656 1981 2728 ait
2014 2657 2310 2752 Cicero):
2349 2669 2420 2728 et
2451 2680 2598 2728 om-

446 2779 607 2850 nino
647 2779 816 2850 nihil
853 2790 966 2851 est
1003 2780 1190 2852 aliud
1241 2790 1516 2875 tempus
1568 2781 1734 2852 vitae
1786 2782 2025 2865 huiuS,
2080 2804 2290 2873 quam
2341 2781 2593 2851 cu‘rsus

445 2903 534 2976 ad
573 2914 893 2975 mortem:
929 2903 1000 2973 in
1040 2926 1180 2997 quo
1226 2903 1326 2998 (ut
1358 2905 1453 2975 ait
1491 2903 1954 2996 Augustinus)
2000 2923 2204 2972 nemo
2240 2902 2352 2971 vel
2387 2903 2592 2993 paulo

446 3038 655 3113 stare,
708 3029 825 3098 vel
865 3027 1213 3120 aliquanto
1256 3028 1521 3099 tardius
1556 3027 1657 3097 ire
1692 3025 2135 3121 permittitur,
2177 3024 2305 3096 sed
2340 3045 2599 3115 urgen-

448 3161 557 3221 tur
594 3171 839 3222 omnes
881 3149 1030 3243 pari
1065 3162 1279 3236 motu,
1310 3172 1442 3221 nec
1474 3149 1759 3222 diverso
1793 3148 2246 3242 impelluntur
2279 3167 2592 3218 accessu.

444 3273 683 3366 Neque
721 3276 908 3345 enim
947 3274 1145 3345 cuius
1186 3272 1331 3344 vita
1368 3273 1651 3345 brevior
1689 3272 1842 3357 fuit,
1890 3272 2186 3344 celerius
2238 3271 2423 3344 diem
2465 3271 2596 3342 du-

398 3453 403 3456 .
446 3396 575 3480 xit,
619 3419 826 3488 quam
865 3397 978 3467 ille
1024 3397 1137 3468 cui
1177 3394 1475 3488 longior3
1518 3396 1647 3468 sed
1672 3412 1888 3490 quum
1915 3394 2274 3489 aequaliter
2298 3391 2596 3484 aequalia

445 3530 787 3592 momenta
825 3530 1236 3614 raperentur
1278 3517 1649 3603 ambobus,
1704 3522 1880 3591 alter
1928 3517 2098 3588 abiit
2137 3515 2450 3607 propiuS,
2496 3513 2597 3581 al-

444 3653 547 3711 ter
571 3642 904 3714 remotius
919 3699 934 3726 ‚
964 3664 1103 3735 quo
1135 3664 1273 3713 non
1307 3640 1551 3736 impari
1578 3640 1946 3728 velocitate
1971 3635 2176 3708 ambo
2201 3630 2592 3704 currebant.

443 3760 651 3834 Aliud
697 3774 808 3835 est
865 3764 1050 3836 enim
1100 3764 1393 3858 amplius
1446 3762 1586 3833 viae
1635 3759 2036 3855 peregisse,
2069 3756 2279 3829 *aliud
2328 3753 2594 3826 tardius

441 3882 863 3957 ambulasse.
892 3888 1024 3972 Qui
1049 3909 1218 3980 ergo
1251 3909 1478 3980 usque
1512 3886 1604 3958 ad
1638 3893 1932 3956 mortem
1967 3879 2404 3975 productiora
2439 3901 2598 3971 spa-

440 4005 537 4077 tia
572 4007 900 4100 temporis
941 4011 1109 4101 agit,
1148 4030 1285 4079 non
1326 4007 1580 4078 lentius
1629 4003 1885 4100 pergit,
1943 4002 2071 4074 sed
2122 4004 2278 4095 plus
2328 3998 2593 4072 itineris

437 4128 729 4202 conficit.
772 4132 955 4203 Ecce
994 4130 1234 4224 quanti
1282 4130 1421 4202 duo
1471 4128 1605 4200 viri
1656 4128 2095 4200 velocitatem
2138 4127 2302 4198 vitae
2341 4135 2595 4197 morta-

439 4253 524 4324 lis
565 4253 1085 4337 describenteS,
1132 4255 1369 4324 volare
1407 4276 1562 4325 eam
1603 4264 1673 4325 et
1706 4275 1993 4326 currere
2034 4259 2379 4324 asserunt.
2409 4248 2594 4330 Quo-
