3104 4805
609 334 728 397 380
1286 348 1367 396 ns
1408 348 1609 397 nesus
1650 349 2089 400 summamus

609 498 703 569 illi
748 499 966 569 saltus
1009 497 1076 565 in
1126 495 1436 590 patriam.
1493 497 1627 568 Tui
1669 518 1829 568 eum
1879 496 2230 570 desiderio
2279 499 2530 572 ardere
2578 510 2764 574 certe

610 622 795 693 scio:
841 618 968 691 sed
1008 618 1176 689 mihi
1217 619 1424 691 crede
1468 618 1683 714 (quod
1722 642 1859 691 non
1904 620 2306 706 scriberem,
2352 622 2412 694 si
2454 626 2768 719 proposi-

610 754 754 816 tum
798 765 1025 815 meum
1072 753 1469 836 pervertere
1513 764 1760 835 posses
1802 745 1940 816 ulla
1979 744 2471 840 providentia),
2524 747 2757 834 crede,

606 867 915 961 inquam,
970 866 1172 951 mihi3
1226 866 1316 939 de
1365 866 1670 938 consiliis
1734 866 2091 940 hominum
2143 870 2417 940 fortuna
2481 870 2759 943 iudicat.

607 992 793 1061 Inter
834 991 1177 1082 cogitatus
1218 1001 1425 1082 atque
1467 999 1667 1062 actus
1707 1011 2006 1081 magnus
2055 989 2369 1083 quidem,
2424 1001 2500 1062 ut
2546 994 2762 1085 vulgo

604 1113 880 1196 dicitur,
919 1133 1120 1183 mons
1154 1122 1283 1183 est.
1312 1112 1608 1196 Quando
1643 1111 1753 1183 hic
1787 1111 1940 1196 erit,
1978 1135 2187 1205 quem
2223 1112 2356 1185 iam
2392 1113 2528 1184 iam
2561 1113 2761 1185 adfu-

604 1245 837 1309 turum
878 1256 1111 1329 spero,
1150 1235 1443 1306 iniiciam
1489 1257 1758 1306 manus.
1803 1235 2182 1328 Imperiosa
2222 1258 2337 1307 res
2374 1245 2486 1308 est
2518 1258 2710 1308 amor
2742 1265 2756 1307 :

602 1359 770 1430 nihil
813 1381 949 1430 non
991 1359 1199 1430 licere
1236 1358 1365 1429 sihi
1408 1357 1732 1429 aestimat.
1775 1357 2083 1429 Videbor
2133 1359 2281 1430 iure
2324 1381 2477 1431 meo
2526 1361 2651 1445 uti,
2696 1361 2756 1432 si

603 1482 803 1576 quasi
839 1481 1274 1554 reinventum
1313 1481 1717 1553 thesaurum
1753 1481 1941 1554 domi
1979 1481 2454 1569 recondiderO,
2485 1506 2758 1556 curam-

603 1628 743 1699 que
785 1627 1152 1699 sumpsero
1191 1626 1278 1676 ne
1319 1615 1456 1677 tam
1501 1604 1700 1676 facile
1742 1628 2021 1675 rursum
2063 1626 2149 1676 eo
2188 1628 2483 1679 caream.
2522 1608 2600 1680 Id
2634 1607 2754 1680 tibi

601 1728 1137 1822 praenuntiatum
1184 1727 1422 1811 velim,
1465 1750 1605 1822 quo
1640 1727 2013 1823 patientius
2064 1730 2244 1800 feras
2284 1704 2443 1800 cum
2485 1731 2758 1803 accide-

601 1852 709 1923 rit.
751 1850 990 1945 Netwe
1040 1851 1251 1935 enim,
1291 1862 1366 1922 ut
1411 1851 1755 1923 adventus
1811 1851 1917 1923 sui
1969 1853 2217 1922 famam
2272 1861 2498 1923 tecum
2549 1854 2755 1926 modo
2850 1912 2855 1917 .

602 1976 893 2067 partitus
937 1997 1121 2058 sum,
1163 1974 1261 2045 sic
1301 1974 1528 2070 ipsum
1573 1996 1853 2067 quoque
1891 1973 2153 2070 partiar
2191 1975 2511 2046 amicum.
2540 1977 2755 2047 Multo

601 2099 825 2171 rarior
876 2100 1232 2191 multoque
1280 2097 1648 2192 pretiosior
1697 2119 1813 2168 res
1863 2108 1972 2169 est
2020 2098 2320 2171 amicitia
2369 2121 2576 2190 quam
2630 2121 2754 2171 au-

603 2244 792 2306 rum,
835 2221 905 2289 in
945 2242 1084 2313 qua
1125 2220 1185 2289 si
1225 2218 1396 2313 quid
1435 2221 1713 2293 avidius
1753 2243 1994 2313 egero,
2033 2233 2328 2294 excuset
2376 2234 2753 2315 utcumque

599 2362 952 2438 possessae
992 2341 1088 2414 rei
1142 2342 1436 2439 pretium
1489 2343 1814 2417 duritiem
1881 2344 2333 2438 possessoris.
2387 2345 2538 2437 Ego
2599 2345 2751 2440 qui-

596 2466 753 2538 dem
801 2476 866 2536 te
907 2475 1298 2538 consortem
1343 2489 1480 2538 non
1521 2467 1780 2550 reficio,
1825 2467 1917 2539 ita
1961 2477 2189 2539 tamen
2224 2476 2300 2538 ut
2330 2477 2747 2562 praese'ntem

595 2584 992 2683 partiamur.
1049 2589 1139 2659 Ut
1187 2601 1449 2683 partem
1503 2590 1716 2683 igitur
1748 2603 1935 2662 tuam
1972 2593 2185 2670 seras,
2239 2590 2376 2661 imo
2426 2613 2627 2676 vero,
2674 2600 2752 2661 ut

587 2727 717 2804 pro
761 2734 897 2783 uno
936 2712 1116 2784 duos
1159 2713 1445 2799 habeaS‚
1493 2712 1734 2784 venire
1776 2724 1841 2785 te
1880 2735 2075 2784 amor
2114 2723 2291 2803 agat.
2336 2715 2526 2783 Vale.

874 2872 979 2927 1111
1011 2873 1142 2929 Idus
1171 2833 1390 2944 Aprilis.

1581 3044 1732 3054 ...η--.-

1406 3239 1761 3306 EPISTOLA
1808 3242 1918 3305 ΧΠ.

783 3437 1167 3491 FRANCISCUS
1214 3437 1551 3486 PETRARGA
1594 3437 1868 3487 JOHANNI
1912 3435 2243 3485 ANcfllsAEO
2285 3436 2336 3485 S.
2381 3438 2435 3485 P.
2480 3437 2539 3484 Ι).

965 3589 1231 3664 Deplorat
1260 3597 1493 3655 mortem
1525 3590 1803 3646 Francisci
1832 3589 2221 3661 consanguinei
2251 3589 2356 3644 sui.

783 3819 934 3889 Heu
973 3815 1144 3909 quid
1188 3816 1320 3888 hoc
1358 3819 1513 3887 est‘?
1555 3815 1735 3899 Quid
1777 3814 2024 3886 audio?
2060 3813 2115 3884 Ο
2151 3833 2314 3907 spes
2350 3811 2738 3883 mortalium

582 3938 824 4009 fallax!
873 3941 929 4010 Ο
970 3961 1159 4011 curae
1204 3939 1690 4032 supervacuae!
1738 3938 1794 4007 Ο
1830 3936 2051 4008 labilis
2095 3938 2351 4008 status!
2398 3931 2578 4006 Nihil
2614 3931 2741 4002 ho-

583 4058 746 4127 mini
794 4063 1267 4154 tranquillum,
1306 4061 1473 4133 nihil
1510 4060 1785 4146 stabile,
1825 4059 1991 4130 nihil
2033 4068 2291 4142 tutum3
2329 4059 2490 4130 hinc
2522 4058 2738 4127 fortu-

581 4202 693 4252 nae
736 4178 876 4265 νίς,
925 4184 1085 4255 hinc
1126 4184 1368 4257 mortis
1413 4184 1712 4269 insidiae,
1758 4185 1917 4255 hinc
1958 4184 2221 4275 fugacis
2268 4180 2503 4252 mundi
2539 4177 2733 4247 blan-
