3104 4805
913 423 1099 469 mnan
1141 423 1917 472 SECUNDUS.—Erisroi..x
1964 427 2002 471 1.
2461 418 2527 475 81

376 570 526 640 liter
578 578 900 660 speratur
940 568 1030 640 ad
1078 579 1414 639 aeternam
1459 570 1764 660 requiem
1810 571 2245 661 pervenisse,
2292 584 2412 642 aut
2449 575 2535 644 de

375 691 693 783 proximo
743 701 1250 782 perventurus3
1306 713 1433 761 nos
1483 691 1555 760 in
1609 693 1842 762 saeculi
1920 691 2251 763 fluitantis
2313 717 2535 786 agone

376 812 857 905 remansimus.
913 814 1382 896 Quamobrem
1446 815 1504 883 si
1571 812 1728 904 quis
1791 825 2074 907 propter
2127 837 2215 901 ,se
2273 816 2528 908 ipsum,

373 936 560 1029 quod
611 935 895 1006 relictus
945 944 1084 1017 est,
1140 934 1380 1018 deflet,
1421 934 1656 1005 videat
1710 958 1796 1005 ne
1847 936 2091 1006 merito
2141 936 2362 1028 possit
2412 958 2537 1006 au-

375 1058 520 1129 dire
572 1057 958 1129 Tullianum
1014 1056 1226 1128 illud:
1288 1054 1446 1126 Suis
1509 1057 1934 1127 incommodis
1991 1061 2289 1151 yraviter
2337 1060 2530 1151 anqi,

376 1202 509 1248 non
545 1181 863 1260 amicum,
909 1177 1020 1247 sed
1058 1200 1126 1247 se
1182 1180 1398 1269 ipsu'm
1446 1180 1733 1247 amantis
1775 1189 1906 1247 est:
1951 1179 2010 1249 si
2050 1201 2222 1250 vero
2257 1191 2536 1273 propter

377 1303 607 1386 illum,
660 1303 1045 1374 verendum
1098 1311 1209 1371 est
1282 1322 1368 1370 ne
1454 1299 1571 1393 (ut
1618 1300 1802 1371 idem
1854 1299 1985 1393 ait)
2044 1302 2259 1373 invidi
2310 1304 2534 1396 magis

374 1446 581 1515 quam
631 1424 832 1495 amici
868 1423 977 1495 sit.
1017 1425 1177 1494 Haec
1211 1445 1350 1493 non
1391 1432 1531 1493 tam
1576 1423 1668 1494 ad
1709 1422 2277 1510 informationem,
2323 1448 2532 1518 quam

376 1546 464 1616 ad
523 1546 813 1636 gloriam
878 1554 1068 1615 tuam
1122 1544 1367 1626 retuli;
1429 1545 1784 1637 quoniam,
1843 1543 2022 1616 sicut
2097 1545 2482 1638 inceperam
2514 1603 2529 1632 ,

376 1666 631 1757 gratias
665 1666 1080 1736 consolatori
1119 1675 1406 1749 aeterno,
1455 1674 1529 1735 tu
1571 1676 1863 1736 externa
1895 1667 2363 1738 consolatione
2395 1689 2532 1739 non

378 1787 1119 1879 indiges.Quamquam
1144 1786 1314 1877 quid
1339 1786 1547 1856 etiam
1577 1786 1908 1878 indigenti
1934 1790 2243 1859 conferre
2268 1790 2535 1882 potuis-

272 1940 283 1949 ·
375 1917 536 1978 sent
585 1908 695 1979 hae
719 1909 1041 1979 litterulae
1068 1908 1317 2001 raptim
1346 1908 1435 1979 de
1475 1909 1859 1979 arescentis
1893 1910 2152 2000 ingenii
2196 1910 2530 1980 scatebris

376 2050 740 2121 expressae
765 2035 801 2100 ‘l
854 2032 1373 2122 Supervacuum
1424 2041 1533 2101 est
1585 2031 1910 2124 deinceps
1960 2031 2234 2102 illorum
2284 2053 2529 2101 exem-

374 2155 486 2245 pla
548 2154 952 2239 subtexere,
1019 2154 1141 2245 qui
1219 2173 1503 2224 suorum
1582 2162 1872 2222 mortem
1949 2153 2214 2224 fortiter
2289 2155 2531 2225 tulisse

375 2285 866 2347 memorantur.
923 2276 1012 2346 Et
1064 2285 1297 2346 tamen
1325 2332 1340 2361 ,
1399 2284 1473 2345 ut
1524 2275 1871 2366 intelligas
1936 2296 2231 2366 quorum
2283 2297 2417 2365 ego
2467 2286 2532 2346 te

376 2396 682 2467 numeris
733 2396 1086 2484 adscribo,
1141 2408 1472 2489 tantoque
1510 2398 1734 2467 fretus
1775 2392 2104 2468 comitatu
2149 2396 2418 2468 haereas
2464 2397 2531 2468 in

376 2521 673 2613 incept0,
728 2533 1064 2613 quantum
1116 2522 1448 2593 memoria
1513 2521 1875 2614 complecti
1937 2530 2227 2613 potuero
2296 2521 2530 2614 (pauci

375 2642 560 2712 enim
611 2643 821 2713 libelli
882 2665 991 2714 me
1064 2644 1135 2713 in
1210 2645 1389 2715 hanc
1466 2643 1910 2713 solitudinem
1976 2653 2141 2714 sunt
2205 2643 2526 2736 sequuti),

376 2764 632 2857 aliquot
680 2763 1017 2836 nobiliora
1089 2769 1410 2858 exempla
1481 2787 1577 2835 ex
1650 2765 1838 2835 omni
1911 2765 2110 2857 copia
2158 2764 2530 2835 vetustatis

376 2884 797 2957 interseram.
854 2885 1172 2957 AEmilius
1233 2888 1492 2957 Paulus
1554 2886 1666 2957 vir
1728 2886 2200 2980 amplissimus
2261 2896 2331 2955 et
2382 2905 2532 2955 suae

373 3009 598 3080 aetatis
648 3031 729 3080 ac
778 3008 1023 3101 patriae
1076 3030 1427 3080 summum
1488 3010 1704 3081 decus
1732 3066 1747 3093 ‚
1826 3031 1920 3079 ex
1996 3017 2296 3101 quatuor
2370 3007 2529 3077 filiis

373 3131 922 3222 praeclarissimae
949 3130 1227 3215 indoliS,
1256 3132 1468 3217 duOS,
1497 3142 1700 3202 extra
1741 3130 2067 3201 familiam
2109 3129 2179 3199 in
2215 3130 2530 3222 adoptio-

374 3274 527 3323 nem
580 3253 733 3324 aliis
784 3254 1046 3339 dando,
1092 3253 1242 3346 ipse
1294 3253 1427 3325 sibi
1477 3253 1808 3337 abstulit3
1860 3253 2039 3325 duos
2081 3252 2387 3346 reliquos
2428 3253 2532 3324 in-

376 3383 482 3443 tra
532 3384 796 3465 septem
844 3376 1117 3447 dierum
1171 3375 1471 3467 spatium
1523 3398 1712 3447 mors
1765 3377 2011 3469 rapuit.
2091 3377 2249 3468 Ipse
2301 3387 2530 3446 tamen

372 3492 736 3565 orbitatem
789 3518 987 3568 suam
1041 3507 1183 3567 tam
1233 3500 1518 3569 excelso
1570 3497 1800 3567 animo
1854 3497 2177 3588 pertulit,
2247 3505 2323 3566 ut
2371 3515 2533 3586 pro-

372 3615 548 3688 diret
579 3615 649 3687 in
684 3617 1066 3711 publicum,
1099 3618 1244 3703 ubi,
1275 3617 1601 3689 audiente
1633 3617 1886 3708 populo
1919 3618 2248 3698 Roman0,
2285 3635 2529 3684 casum

374 3758 579 3806 suum
630 3748 772 3809 tam
822 3739 1191 3832 magnifice
1229 3740 1631 3810 consolatus
1673 3744 1810 3822 est,
1859 3745 1934 3806 ut
1967 3734 2194 3824 magis
2223 3742 2529 3803 metuere

375 3878 462 3927 ne
511 3879 717 3948 quem
756 3862 956 3933 dolor
1003 3862 1115 3932 ille
1165 3861 1515 3952 fregisset,
1571 3880 1781 3951 quam
1834 3858 1983 3949 ipse
2023 3858 2283 3926 fractus
2334 3876 2525 3939 esse,

373 3978 751 4052 videretur.
804 3985 917 4055 Ex
968 4006 1107 4077 quo
1158 4005 1297 4054 non
1348 3982 1716 4065 minorem,
1772 3979 1999 4050 iudice
2049 4000 2190 4062 me,
2240 3978 2528 4070 gloriam

371 4102 548 4196 cepit
574 4161 589 4189 ,
659 4128 872 4198 quam
924 4129 1019 4178 ex
1070 4106 1453 4198 triumphO,
1522 4127 1730 4197 quem
1782 4103 1913 4172 illis
1965 4101 2213 4174 diebus
2267 4101 2531 4195 specio-

375 4223 725 4297 sissimum
778 4239 1061 4318 egerat:
1116 4251 1237 4319 per
1290 4228 1477 4297 illum
1518 4227 1703 4298 enim
1748 4226 2197 4307 Macedoniae,
2244 4248 2366 4315 per
2401 4223 2530 4290 hoc

622 4357 654 4394 ι.
2189 4343 2220 4390 6
