3104 4805
1169 373 1693 425 PROLEGOHENON.
2357 379 2460 428 xci

402 517 504 589 Ep.
543 516 633 572 12.
676 517 878 573 MARCO
910 558 1169 573 ......
1191 549 1263 560 -
1280 520 1563 576 Animum
1587 526 1770 577 tuum.

720 609 861 680 Arq.
898 608 1187 664 Dissuadet
1221 610 1459 664 amicum
1494 626 1527 664 a
1561 612 1700 666 votis
1725 612 2057 681 monasticis,
2094 613 2359 687 illumque
2395 615 2463 669 ad

786 698 975 770 patriae
1002 699 1289 753 commoda
1313 699 1656 771 procuranda
1679 698 2016 755 adhortatur.

399 785 502 857 Ep.
542 785 631 841 13.
673 785 917 842 Ionum
942 787 1234 844 connum
1259 804 1295 842 A
1322 789 1378 844 S.
1409 789 1574 846 Vrro.
1598 820 1669 831 —
1686 790 1921 845 Anilem
1946 791 2051 847 tibi
2075 792 2364 863 fabellam.

717 879 858 949 Ary.
898 879 1112 934 Aranea
1139 885 1193 934 et
1220 879 1484 951 Podagra.
1515 880 1813 952 Apologus,

399 964 501 1037 Ep.
542 965 630 1020 14.
669 967 757 1022 An
782 982 1054 1023 IGNOTUM.
1073 999 1146 1010 —
1164 970 1388 1042 Reyum
1412 971 1742 1026 cervicibus.

718 1060 859 1131 Ary.
899 1060 1202 1133 Pauperem
1232 1078 1291 1116 se
1318 1077 1429 1116 non
1457 1077 1616 1133 posse
1643 1046 1956 1130 indigentiae
1983 1060 2103 1115 eius
2129 1061 2401 1133 opitulari.

400 1143 502 1216 Ep.
539 1145 628 1199 15.
669 1146 755 1201 An
781 1161 1054 1202 mnoruu.
1076 1178 1147 1189 —
1164 1148 1396 1204 Studeto
1425 1149 1585 1203 bonis
1610 1148 1888 1203 omnibus.

719 1238 859 1309 Ary.
904 1239 1080 1295 Raros
1106 1257 1226 1296 esse
1252 1241 1396 1295 viros
1420 1240 1625 1308 bonon,
1654 1255 1684 1292 e
1711 1253 1950 1309 quorum
1974 1254 2206 1293 numero
2233 1236 2465 1308 eligendi

789 1333 920 1382 sunt
946 1328 1105 1383 amici
1123 1370 1137 1398 ,
1164 1329 1435 1384 malorum
1463 1328 1718 1383 societate
1744 1328 1964 1399 penitus
1987 1328 2204 1383 reiecta.

398 1414 501 1486 Ep.
539 1414 627 1470 16.
667 1415 753 1470 An
781 1430 1057 1473 mnornu.
1078 1448 1150 1459 —
1170 1417 1217 1473 Ο
1244 1436 1420 1490 quam
1444 1420 1649 1474 multa.

719 1504 861 1576 Ary.
900 1505 1164 1561 Adversis
1192 1523 1303 1562 non
1331 1505 1818 1562 succumbendum.

395 1593 500 1664 Ep.
539 1594 627 1648 17.
668 1594 753 1649 An
781 1609 1055 1651 lonowu.
1079 1597 1287 1669 -Eyo
1314 1613 1445 1651 vero
1474 1597 1620 1651 absit
1643 1602 1726 1651 ut.

716 1684 858 1756 Ary.
900 1685 1183 1742 Beneficiis
1202 1703 1346 1759 saepe
1364 1687 1562 1758 ingrati
1582 1687 1750 1740 animi
1769 1685 2216 1757 significationem
2243 1704 2465 1760 respon-

788 1774 935 1829 dere.
1103 1780 1111 1788 ’

398 1862 499 1934 Ep.
539 1862 626 1918 18.
672 1863 947 1919 Gmnno
975 1879 1203 1920 mmm.
1225 1895 1294 1905 —
1314 1866 1476 1931 Quod
1499 1882 1652 1936 saepe
1677 1866 1835 1919 olim.

715 1954 858 2026 Ary.
898 1954 978 2009 De
1006 1972 1107 2010 sua
1132 1955 1427 2026 cupiditate
1457 1956 1626 2011 libros
1654 1956 1898 2027 undique
1924 1956 2294 2028 comparandi.

397 2043 499 2115 Ep.
540 2043 626 2098 19.
667 2044 752 2099 An
780 2059 1054 2100 mnoruu.
1074 2077 1145 2087 -
1163 2047 1322 2101 Adeo
1344 2048 1625 2117 pertinax
1651 2052 1704 2101 et
1729 2046 1868 2117 lioea.

711 2135 854 2206 Ary.
897 2136 1063 2208 Spem
1092 2152 1378 2208 nunquam
1406 2135 1623 2207 deponi.

399 2220 501 2293 Ep.
542 2221 631 2278 20.
672 2222 861 2279 Lfflo
890 2238 1014 2279 δυο.
1035 2256 1106 2266 -
1125 2225 1293 2297 Soepe
1321 2232 1373 2281 te
1403 2227 1626 2282 litteris.

715 2315 856 2386 Ary.
896 2314 1056 2370 Dolet
1082 2315 1243 2370 amici
1271 2316 1582 2385 silentium,
1609 2315 1954 2371 commendat
1972 2317 2258 2389 negocium
2277 2335 2460 2387 suum,

780 2402 1029 2476 illudque
1068 2402 1343 2459 Cardinali
1391 2404 1741 2460 Columnensi
1783 2423 1882 2477 per
1921 2423 2049 2462 eum
2094 2408 2459 2464 commendari

781 2495 931 2565 petit.

396 2583 494 2655 Ep.
536 2583 623 2637 21.
665 2583 854 2640 LAEuo
884 2598 1007 2640 suo,
1030 2616 1096 2626 —
1119 2586 1430 2657 Impletum
1457 2591 1556 2640 est.

712 2673 854 2744 Ary.
895 2672 1253 2727 Commendat
1300 2673 1697 2729 adolescentem
1741 2674 1946 2745 aliquid
1989 2674 2215 2730 humani
2258 2678 2460 2749 amoris

781 2778 941 2817 causa
968 2779 1289 2835 perpessum
1304 2805 1319 2831 ‚
1350 2764 1509 2836 eique
1538 2763 1840 2818 cardinalis
1879 2765 2258 2821 columnensis
2284 2773 2462 2839 patro-

778 2852 983 2907 cinium
1012 2849 1239 2907 invocat.

393 2938 493 3011 Ep.
535 2938 622 2993 22.
665 2939 854 2994 Laeuo
881 2953 1004 2995 sno.
1027 2969 1099 2981 —
1118 2941 1270 3006 Quid
1297 2941 1401 2996 tibi
1423 2943 1508 2996 vis
1533 2943 1742 2997 dicam.

712 3029 852 3101 Ary.
892 3030 973 3084 De
998 3031 1188 3085 eadem
1214 3047 1276 3085 re
1303 3031 1461 3097 cuius
1487 3033 1545 3086 in
1574 3033 1845 3104 superiori
1871 3033 2098 3103 epistola
2121 3050 2300 3089 sermo
2327 3035 2453 3090 suit:

780 3120 954 3191 deque
981 3121 1121 3175 mira
1149 3121 1472 3192 eloquentiae
1501 3122 1576 3177 vi.

1249 3352 1456 3414 LlBER
1502 3352 1588 3412 lv.

396 3567 498 3640 Ep.
578 3567 629 3621 1.
673 3568 762 3622 Fr.
793 3567 1065 3625 Dlomtslo
1091 3584 1127 3625 Α
1152 3570 1348 3625 Bonco
1376 3570 1431 3625 S.
1465 3571 1806 3625 Summum.
1828 3571 2296 3626 —Altiasimum

710 3659 849 3732 Ary.
892 3659 971 3715 De
997 3677 1096 3715 suo
1124 3661 1181 3715 in
1209 3660 1447 3716 Montem
1476 3660 1776 3715 Ventosum
1804 3660 2090 3714 adscensu.

388 3748 492 3820 Ep.
572 3747 624 3802 2.
666 3748 754 3803 Fr.
784 3750 1056 3806 D1omrs¹o
1084 3766 1118 3804 Α
1146 3750 1343 3806 Bmmo
1372 3752 1427 3806 S.
1460 3752 1802 3805 Seruaeum.
1823 3779 1894 3789 —
1913 3748 2014 3802 Nil
2037 3749 2276 3803 dulcius.

709 3839 847 3910 Arq.
890 3839 1208 3894 Gratulatur
1249 3839 1396 3911 quod
1442 3857 1475 3893 a
1517 3855 1645 3910 rege
1687 3839 1927 3894 Roberto
1973 3838 2264 3894 arcessitus
2297 3838 2454 3895 illum

774 3926 997 3998 adierit,
1027 3930 1301 4001 huiusque
1330 3929 1520 3984 laudes
1555 3928 1713 3983 effert
1748 3934 1803 3983 et
1837 3928 2013 3999 regias
2047 3927 2273 3983 virtutes
2308 3946 2455 3984 exse-

778 4019 983 4089 quitur.

382 4104 491 4176 FF·
574 4105 627 4157 3.
670 4102 944 4162 Ronmro
973 4107 1200 4163 chmffi
1227 4106 1861 4163 nm1.—Praestrinaeit
1889 4107 2091 4161 oculos.

713 4194 850 4265 Ar9.
892 4195 1101 4251 Laudat
1128 4197 1461 4268 epigramma
1496 4213 1527 4250 a
1567 4195 1805 4251 Roherto
1845 4212 1969 4266 rege
2008 4213 2121 4251 sua}
2160 4197 2337 4267 neptis
2371 4202 2453 4250 tu-
