3104 4805
874 370 1059 418 ιιΒΕιι
1100 370 1790 420 SEXTus.—Epls‘r0LA
1833 373 1917 421 ιιι.
2360 360 2476 420 335

325 536 461 606 que
498 512 848 585 desiderio
883 524 1001 585 tuo
1035 514 1331 587 sufficiat
1371 537 1672 600 manere,
1705 536 1844 586 non
1879 539 2116 587 renuo.
2170 518 2258 587 Et
2293 528 2366 588 tu
2420 517 2478 587 si

327 637 417 708 ad
451 659 562 706 me
602 635 982 708 videndum
1022 638 1258 709 venire
1302 640 1546 709 malles
1586 638 1959 732 (humanus
1984 639 2174 709 enim‘
2208 641 2481 713 animus

328 760 437 831 his
471 761 741 832 dulcius
782 762 916 830 frui
958 763 1156 845 solet,
1209 783 1371 853 quae
1426 760 1837 833 laboriosius
1871 761 2242 856 quaesivit),
2288 786 2486 836 mon-

333 885 568 957 strabo
610 886 730 957 tibi
771 887 982 969 viam,
1022 886 1091 955 in
1132 909 1269 979 qua
1310 908 1436 957 nec
1476 885 1732 979 pedum
1780 885 1950 957 vitio
1992 885 2315 970 tarderiS,
2361 910 2486 959 nec

332 1019 585 1079 terram
621 1009 895 1101 cogaris
934 1011 1187 1103 plantis
1228 1010 1588 1101 attingere.
1619 1009 1803 1081 Inter
1839 1030 2203 1080 servorum
2243 1031 2487 1081 manus

332 1132 419 1203 ad
460 1131 794 1203 Anienem
839 1132 1196 1204 Tiburtina
1238 1132 1493 1205 moenia
1534 1132 2028 1236 praelabentem
2071 1153 2346 1224 perges
2390 1131 2492 1202 Ibi

335 1256 679 1327 naviculae
748 1255 1108 1349 impositus
1159 1278 1376 1350 prono
1425 1258 1628 1328 alveo
1668 1255 2083 1341 descendeS,
2141 1256 2361 1327 donec
2401 1257 2492 1328 ad

333 1378 694 1449 dexteram
740 1379 1007 1449 Tiberis
1048 1380 1444 1449 occurrerit.
1482 1378 1652 1450 Inde
1685 1379 1822 1449 iam
1860 1379 2081 1451 latiori
2123 1400 2325 1450 amne
2366 1401 2495 1472 per

334 1502 554 1596 ipsius
621 1502 813 1572 urbis
880 1504 1119 1573 Romae
1158 1502 1413 1574 moenia
1476 1503 1569 1574 ad
1619 1524 1808 1574 mare
1858 1502 2255 1597 pervenies,
2327 1502 2494 1575 Inde

333 1624 538 1696 etiam
581 1624 1056 1710 dextrorsum,
1090 1627 1213 1698 sed
1244 1625 1504 1699 fortiori
1538 1628 1739 1697 alveo
1787 1624 2116 1711 creditus,
2155 1626 2493 1722 Tyrrheni

339 1747 535 1818 sinus
575 1748 881 1839 aequoris
922 1748 1179 1820 obibis:
1216 1751 1439 1822 donec
1472 1751 1679 1841 longe
1717 1750 1950 1820 relicta
1979 1750 2305 1835 Massilia,
2343 1774 2499 1822 rur-

341 1891 463 1941 sus
499 1870 588 1941 ad
628 1871 992 1941 dexteram
1036 1882 1181 1942 rate
1224 1872 1552 1943 fluminea
1578 1872 1896 1943 Rhodani
1929 1872 2108 1944 ostio
2146 1872 2500 1945 subveha-

342 2016 447 2078 re,
495 2015 630 2086 qua
672 2002 878 2063 vetus
915 1993 1156 2065 Arelas
1183 1994 1611 2087 palustribus
1638 1994 1863 2079 vadis,
1908 2005 1979 2065 et
2010 1995 2322 2088 lapidosa
2352 1999 2500 2089 pla-

343 2116 534 2201 nitie,
581 2139 748 2188 mox
784 2117 851 2186 in
895 2140 1069 2212 rupe
1121 2118 1403 2189 horrida
1448 2117 1662 2189 tristis
1707 2119 1903 2190 sedet
1943 2116 2234 2202 Avenio,
2280 2141 2494 2212 quam

340 2262 526 2311 nunc
539 2239 857 2310 Pontifex
880 2240 1229 2310 maximus
1241 2241 1611 2324 Romanus,
1631 2241 1927 2334 propriis
1947 2241 2229 2312 sedibus
2254 2242 2499 2313 deser-

345 2362 445 2445 tis,
483 2362 818 2445 obstante,
853 2375 925 2435 ut
950 2361 1263 2449 arbitror,
1295 2374 1559 2448 natura,
1589 2376 1797 2459 caput
1821 2364 2010 2437 orbis
2038 2364 2317 2437 efficere
2343 2365 2505 2436 niti-

344 2495 472 2569 tur,
504 2498 576 2557 et
604 2486 925 2560 Laterani
967 2488 1352 2571 immemor,
1386 2499 1456 2558 et
1482 2487 1821 2559 Silvestri.
1854 2487 2039 2572 lnde,
2074 2510 2349 2581 semper
2375 2488 2502 2560 ad-

341 2630 547 2681 verso
564 2610 862 2695 flumine,
892 2611 1109 2683 tribus
1137 2633 1470 2707 passuum
1502 2610 2174 2706 millibuS,autpaulo
2201 2612 2496 2707 amplius

340 2735 768 2818 ascendenS,
824 2745 1231 2828 argenteum
1278 2735 1626 2827 gurgitem
1679 2736 1970 2807 obvium
2018 2735 2345 2817 habebis;
2405 2735 2495 2806 ad

330 2843 702 2930 dexteram
766 2858 964 2929 flecte
1029 2858 1175 2930 iter.
1249 2858 1492 2951 Sorgia
1540 2868 1651 2931 est
1691 2858 2208 2952 placidissimus
2250 2858 2502 2929 fluvio-

340 3004 524 3063 rum3
565 2981 764 3053 cuius
806 2982 1007 3074 aquis
1045 2983 1195 3067 XV,
1239 2991 1360 3053 aut
1393 2981 1666 3054 circiter
1706 3002 2042 3076 passuum
2089 2981 2297 3052 millia
2336 3002 2500 3052 con-

342 3105 703 3189 scendens,
733 3104 900 3175 nulli
928 3106 1329 3187 secundum,
1360 3105 1639 3186 fontem,
1670 3103 2075 3175 lucidissimi
2103 3105 2328 3174 amnis
2363 3103 2501 3172 ori-

341 3226 590 3317 ginem,
633 3225 937 3308 videbis,
980 3237 1051 3296 et
1084 3224 1590 3296 incumbentem
1625 3227 1960 3297 scatebris
1998 3228 2355 3318 praealtam
2383 3247 2501 3294 ru-

341 3370 528 3441 pem,
569 3358 644 3417 ut
684 3349 818 3418 iam
861 3346 1135 3417 transiri
1182 3346 1472 3415 ulterius
1513 3369 1643 3419 nec
1698 3348 1943 3440 possit,
2001 3370 2128 3419 nec
2166 3356 2498 3438 oporteat.

343 3472 430 3542 Ut
459 3471 641 3541 enim
683 3470 974 3542 dextera
1012 3478 1081 3540 et
1123 3469 1425 3540 secunda
1470 3470 1611 3541 sint
1649 3470 1902 3553 omnia,
1948 3470 2083 3542 illic
2127 3469 2403 3541 tandem
2432 3453 2500 3539 in

344 3604 596 3663 terram
637 3588 999 3683 depositus
1051 3591 1138 3662 ad
1190 3589 1548 3662 dexteram
1617 3614 1724 3663 me
1782 3593 2093 3682 videbis,
2130 3593 2255 3666 Ubi
2315 3594 2500 3664 enim

344 3715 581 3807 procul
619 3712 712 3784 ab
753 3712 945 3782 Italia
997 3713 1258 3808 possim
1311 3735 1471 3784 esse
1517 3715 2003 3807 tranquillius?
2048 3716 2336 3788 Videbis
2375 3739 2499 3789 au-

345 3847 481 3907 tem
535 3835 848 3919 modiciS,
905 3835 1028 3907 sed
1082 3835 1429 3909 umbrosis
1481 3837 1806 3922 hortulis,
1862 3851 2297 3932 angustoque
2339 3862 2502 3912 con-

347 3966 606 4026 tentum
652 3959 971 4052 hospitio,
1029 3960 1153 4032 sed
1201 3959 1390 4053 quod
1443 3960 1611 4032 tanti
1668 3962 1961 4057 hospitis
2009 3964 2317 4036 adventu
2399 3965 2500 4036 fa-

345 4089 529 4151 ctum
571 4093 777 4175 putes
827 4082 1215 4176 angustius.
1269 4083 1554 4157 Videbis
1605 4109 1813 4179 quem
1840 4086 2203 4160 desideras
2234 4087 2492 4180 optime

349 4205 718 4289 valentem,
758 4206 1011 4278 nullius
1052 4217 1372 4299 egentem
1399 4208 1523 4293 rei,
1558 4210 1647 4279 nil
1684 4232 2104 4305 magnopere
2142 4210 2233 4283 de
2274 4212 2493 4283 fortu-
