3104 4805
932 373 1116 421 tumn
1162 374 1447 422 ruamus.
1474 350 1875 423 -—'EPISTOLA
1923 379 1982 423 x.
2405 363 2510 423 151

297 533 300 534 *
361 518 675 611 cogimur
721 518 795 587 in
844 518 1131 602 nostriS,
1187 538 1346 611 quae
1395 538 1524 590 nos
1576 517 1818 588 beatos
1869 537 2030 589 esse
2079 540 2217 589 non
2269 519 2516 590 sinant.

360 643 557 715 Felix
596 641 757 713 hinc
796 640 1086 712 abiisset
1125 640 1471 725 Priamus,
1519 641 1686 711 felix
1724 641 2000 726 Peleus,
2045 640 2207 712 felix
2245 642 2515 726 Nestor,

362 766 422 836 si
461 764 640 836 filios
684 763 1230 857 praecessissent.
1282 765 1371 834 Et
1414 764 1516 859 (ut
1555 764 1839 835 alterius
1883 763 2159 856 generis
2203 768 2519 858 exempla

362 911 498 959 non
536 887 796 982 desint)
839 910 978 958 non
1021 889 1371 959 Socratem
1410 898 1802 959 venenatus
1831 887 2036 973 calix,
2076 910 2214 959 non
2250 888 2520 979 Euripi-

361 1010 520 1082 dem
546 1031 787 1094 caneS,
825 1032 964 1081 non
998 1009 1536 1080 Demosthenem
1571 1031 1653 1081 ac
1686 1008 2088 1081 Ciceronem
2125 1008 2335 1100 gladii
2360 1031 2524 1080 con-

364 1144 741 1219 sumerent,
798 1155 937 1204 non
989 1131 1247 1203 oblivio
1298 1133 1700 1216 Messalam,
1755 1155 1894 1204 non
1944 1132 2284 1204 Plotinum
2335 1134 2523 1225 lepra

361 1256 798 1349 pervaderet,
846 1255 904 1327 si
947 1266 1332 1350 opportuna
1372 1277 1561 1327 mors
1601 1255 1940 1328 instantes
1983 1256 2305 1327 miserias
2343 1276 2525 1350 prae-

361 1380 704 1452 vertisset.
749 1379 1247 1472 Exemplorum
1273 1402 1440 1451 vero
1465 1378 1605 1451 iam
1644 1379 1812 1451 satis
1838 1389 1974 1464 est,
2012 1380 2083 1450 in
2117 1402 2192 1451 re
2227 1401 2526 1472 praeser-

366 1502 483 1573 tim
523 1525 662 1575 non
702 1501 1051 1593 ambigua.
1095 1502 1311 1574 Vides
1363 1502 1578 1596 igitur
1617 1515 1697 1573 ut
1734 1502 2065 1595 longioris
2119 1502 2282 1573 vitae
2332 1501 2526 1596 cupi-
2630 1592 2637 1598 t

363 1628 544 1699 ditas
608 1649 797 1699 caeca
860 1637 990 1698 est.
1062 1629 1252 1698 Bona
1303 1649 1490 1700 mors
1541 1627 1845 1721 optanda
1894 1637 2024 1712 est,
2079 1627 2148 1698 in
2198 1648 2336 1718 qua
2387 1625 2524 1698 falli

364 1752 705 1822 neminem
746 1772 956 1844 posse
1006 1758 1303 1837 constat,
1357 1751 1702 1822 neminem
1753 1751 2106 1845 poenitere.
2165 1750 2303 1822 Sed
2352 1772 2525 1842 quo-

361 1874 545 1944 niam
581 1895 757 1946 usus
789 1874 1106 1957 obtinuit,
1144 1873 1456 1947 nocitura
1490 1874 1757 1968 passim
1782 1874 1944 1945 etin
1972 1883 2180 1967 caput
2204 1881 2520 1944 nostrum

364 2018 686 2067 recasura
743 1997 1257 2091 concupiscere,
1328 1998 1528 2069 liceat
1593 2007 1831 2090 optare
1881 2020 2040 2069 cum
2093 1998 2374 2090 populo:
2430 2018 2520 2066 an

363 2132 594 2192 tamen
618 2120 923 2213 ignaviae
951 2121 1197 2193 semita
1223 2142 1463 2214 speras
1493 2121 1584 2193 ad
1609 2131 1916 2214 optatum
1937 2121 2269 2213 provehi?
2295 2122 2522 2212 Large

362 2241 644 2335 quidem
685 2243 959 2314 falleris.
997 2244 1222 2327 Quam
1255 2243 1510 2313 multos
1548 2264 1757 2336 sopor
1789 2240 2198 2314 immodicus
2231 2264 2524 2336 oppres-

363 2367 479 2450 sit,
524 2390 701 2461 quos
740 2367 937 2440 labor
973 2377 1044 2439 et
1084 2365 1344 2460 vigiliae
1378 2367 1975 2462 praeservassent!
2015 2367 2238 2451 Quam
2266 2367 2519 2439 multos

365 2491 480 2561 vel
519 2490 789 2562 necavit
827 2493 1137 2584 crapula,
1183 2492 1295 2563 vel
1336 2490 1703 2562 suffocavit
1738 2489 2063 2574 ebrietas,
2108 2489 2228 2582 qui
2266 2488 2523 2560 ieiunio

364 2612 542 2684 salvi
570 2614 820 2684 forent!
843 2615 1218 2706 Vulgatum
1244 2624 1370 2699 est,
1395 2617 1630 2708 plures
1657 2635 1924 2685 coenam
1952 2611 2278 2696 occidere,
2306 2633 2522 2705 quam

364 2736 689 2827 gladium.
720 2738 1169 2831 Quocumque
1193 2736 1505 2809 ciborum
1532 2758 1791 2828 genere
1823 2735 2150 2820 nutritoS,
2188 2756 2523 2827 quocum—

366 2881 501 2952 que
540 2869 880 2931 terrarum
920 2861 1175 2953 angulo
1215 2860 1559 2932 latitantes
1596 2880 1784 2930 mors
1826 2859 2159 2943 inveniet,
2197 2866 2269 2928 et
2302 2854 2524 2928 tribu-

369 2991 509 3053 tum
576 3006 782 3055 suum
846 2982 1296 3056 inexorabilis
1360 2991 1653 3075 repetet,
1720 2983 1981 3074 exiget,
2048 2977 2520 3074 extorquebit.

365 3109 651 3180 Frustra
691 3107 1264 3199 tergiversamur3
1308 3104 1368 3177 si
1409 3105 1498 3178 ad
1538 3114 1830 3176 mortem
1870 3105 2010 3177 non
2050 3103 2366 3188 ierimuS,
2411 3101 2528 3174 illa

365 3253 492 3303 nos
559 3221 894 3325 sequitur.
964 3230 1205 3322 Cogita
1267 3252 1437 3322 ergo
1486 3228 1660 3323 quid
1707 3228 2123 3313 honestiuS,
2152 3226 2323 3321 quid
2373 3225 2527 3296 viro

367 3351 678 3443 dignius:
713 3375 802 3424 an
836 3353 1277 3438 delitescere,
1305 3362 1375 3424 et
1408 3352 1648 3443 fugere
1681 3350 1871 3443 quod
1901 3350 2168 3422 evitare
2192 3367 2525 3441 nequeas3

366 3498 456 3547 an
520 3497 880 3549 occurrere
944 3475 1275 3561 venienti,
1329 3484 1399 3545 et
1447 3474 1692 3545 offerre
1742 3473 1929 3566 quod
1979 3471 2265 3555 debeas,
2319 3479 2531 3579 atque*

365 3602 543 3672 ultro
581 3603 924 3673 fortunam
960 3600 1177 3694 sequi,
1215 3621 1319 3683 ne,
1359 3597 1420 3668 si
1454 3596 1812 3680 restiteriS,
1842 3596 1916 3666 vi
1951 3592 2270 3666 traharis.
2309 3592 2365 3662 Ο
2399 3589 2529 3660 mi-

366 3724 663 3796 seranda
688 3723 1133 3796 brevissimae
1164 3722 1476 3795 suavitas
1505 3720 1751 3793 morae!
1793 3718 2270 3809 Quisquamne
2304 3736 2528 3806 usque

366 3846 540 3918 adeo
579 3847 866 3920 vivendi
905 3847 1232 3942 cupidus,
1277 3854 1355 3916 ut
1394 3867 1532 3917 non
1578 3842 1813 3916 statim
1854 3840 2029 3927 mori
2069 3838 2277 3925 malit,
2316 3860 2529 3933 quam

365 3969 571 4042 unius
615 3970 777 4041 anni
819 3971 1042 4065 spatio
1080 3970 1300 4042 vitam
1342 3990 1501 4041 cum
1543 3968 1882 4040 dedecore
1915 3985 2307 4059 prorogare,
2346 3984 2528 4056 prae-

363 4093 721 4165 teritorum
746 4094 1055 4165 omnium
1082 4114 1418 4164 annorum
1445 4092 1698 4164 decora
1731 4092 2225 4185 corrumpens?
2257 4089 2527 4172 Quanto

365 4213 492 4286 erit
529 4216 932 4288 obscoenius
986 4227 1174 4287 metu
1224 4217 1466 4286 mortis
1518 4214 1919 4286 indecorum
1972 4212 2232 4306 aliquid
2283 4232 2521 4303 agere,

679 4351 711 4388 1.
2215 4335 2267 4383 11
