3104 4805
1037 546 1410 613 FRANCISCI
1466 534 1876 612 PETRARCAE

657 793 796 871 DE
905 788 1277 869 REBUS
1388 784 2252 866 FAMILIARIBUS

1124 1027 1384 1097 LIBER
1452 1026 1795 1098 PRIMUS.

1241 1521 1593 1586 EPISTOLA
1634 1522 1674 1584 1.

575 1735 957 1785 FRANCISCUS
998 1734 1335 1783 PETRARCA
1379 1735 1612 1784 THOMAE
1654 1734 2042 1784 MESSANENSI
2084 1736 2136 1784 S.
2177 1737 2232 1784 Ρ.
2277 1738 2335 1784 D.

391 1916 624 1971 Famam
650 1925 773 1973 ante
801 1917 1014 1973 obitum
1042 1933 1154 1971 non
1181 1933 1301 1971 esse
1326 1916 1720 1988 appetendam,
1750 1932 1926 1988 quum
1953 1932 2016 1972 ea
2041 1916 2200 1971 nobis
2226 1915 2528 1971 viventibus

1123 2005 1349 2059 minime
1376 2005 1547 2076 possit
1573 2004 1800 2076 acquiri.

588 2252 948 2335 Querelam
982 2251 1324 2347 publicam
1357 2274 1560 2323 nemo
1584 2251 1873 2345 sapiens
1910 2271 2108 2321 suam
2142 2249 2318 2320 facit.
2349 2249 2528 2321 Satis

391 2370 688 2464 quisque
720 2372 1140 2467 privatarum
1175 2376 1610 2468 querelarum
1650 2372 1836 2446 domi
1870 2371 2096 2445 habet.
2135 2371 2313 2444 Satis
2348 2371 2528 2444 dixi:

394 2494 604 2565 nimis
644 2494 869 2567 dicere
900 2497 1297 2569 debueram.
1334 2497 1515 2568 Nulli
1555 2518 1643 2567 ne
1683 2498 1814 2569 hoc
1852 2518 2157 2589 unquam
2198 2495 2531 2567 accidisse

396 2617 619 2687 reris?
656 2617 956 2688 Falleris.
997 2618 1180 2689 Nulli
1218 2640 1386 2689 vero
1424 2618 1845 2689 contrarium
1885 2617 2150 2690 accidit.
2194 2617 2357 2702 Vix,
2413 2640 2534 2689 su-

394 2740 672 2834 perstite
703 2741 824 2833 qui
856 2744 1121 2826 fecerat,
1157 2742 1567 2834 cuiusquam
1604 2741 1856 2834 scripta
1889 2743 2002 2811 vel
2035 2751 2230 2832 gesta
2262 2742 2534 2832 placue-

396 2874 572 2934 runt.
608 2864 884 2936 Laudes
917 2864 1274 2935 hominum
1314 2885 1503 2935 mors
1545 2863 1841 2935 inchoat.
1886 2861 2035 2933 Scis
2068 2863 2328 2953 quare?
2360 2860 2535 2943 Quia

392 3007 548 3056 cum
609 3009 897 3080 corpore
957 2987 1245 3059 moritur
1302 2987 1587 3070 invidia,
1654 2986 1967 3077 vivitque
2021 3006 2179 3055 cum
2227 3005 2530 3077 corpore.

394 3108 790 3196 Multorum,
844 3111 1098 3204 inquis,
1163 3111 1415 3204 scripta
1475 3111 1864 3195 laudantur,
1927 3129 2087 3201 quae
2149 3107 2209 3178 si
2259 3107 2532 3199 gloriari

394 3234 548 3306 licet
584 3290 824 3305 .....
861 3258 1002 3308 non
1043 3237 1275 3330 pergis
1308 3235 1638 3308 ulterius:
1676 3234 1801 3306 sed
1838 3232 1985 3328 (qui
2019 3227 2534 3324 indignantibus

396 3378 548 3428 mos
594 3358 730 3452 est)
778 3382 1197 3454 suspensum
1248 3359 1567 3452 linquens
1619 3357 1950 3430 auditoris
2002 3357 2338 3441 animum,
2393 3378 2538 3426 ser-

392 3499 599 3550 mone
647 3484 1097 3572 praetervolas
1150 3482 1515 3576 inexpleto.
1559 3482 1819 3551 Verum
1867 3479 2222 3549 enimvero
2270 3474 2539 3565 fugien-

395 3612 533 3673 tem
571 3624 957 3697 consequor
997 3605 1245 3676 mentis
1286 3603 1615 3696 augurio:
1658 3602 1801 3673 scio
1840 3599 2011 3692 quid
2050 3599 2246 3668 velis.
2291 3597 2537 3666 Multo-

394 3746 552 3793 rum
611 3726 859 3822 scripta
920 3728 1313 3813 laudantur,
1376 3746 1537 3818 quae
1601 3723 1734 3794 tuis
1788 3722 2064 3793 admota
2111 3739 2344 3788 carere
2401 3738 2536 3787 non

395 3854 671 3922 tantum
708 3849 1093 3934 laudatore,
1146 3850 1271 3922 sed
1317 3849 1524 3920 etiam
1575 3849 1823 3917 lectore
1884 3841 2320 3922 debuissent;
2379 3863 2535 3912 cum

394 3978 515 4038 tua
557 3966 828 4042 interim
868 3975 1102 4044 nullus
1144 3973 1454 4064 attingat.
1509 3967 1947 4061 Recognosce
1984 3966 2053 4036 in
2094 3965 2327 4036 verbis
2366 3964 2538 4035 meis

394 4089 930 4183 indignationem
969 4106 1188 4179 tuam,
1217 4116 1379 4188 quae
1414 4094 1600 4167 iusta
1630 4102 1820 4165 esset
1854 4090 1987 4162 nisi
2021 4090 2204 4160 illam
2236 4088 2324 4160 de
2353 4109 2541 4158 com-

393 4214 586 4282 muni
643 4219 953 4290 omnium
1014 4238 1263 4287 acervo
1325 4217 1393 4286 in
1454 4239 1628 4290 usus
1687 4213 2000 4309 proprios
2068 4208 2537 4282 traduxisses:
