3104 4805
585 348 661 407 34
1252 358 1332 404 DE
1378 356 1579 403 annus
1622 352 2065 401 FAMILIARIBUS

585 505 765 587 Quot
814 500 1343 594 loquacissimas
1394 498 1581 591 picas
1633 496 2046 589 agnovimus
2088 497 2160 565 in
2197 496 2415 568 oculis
2467 497 2736 571 insanae

585 625 1042 698 multitudinis
1096 633 1630 715 perstrepenteS,
1685 645 1978 714 quarum
2030 634 2310 714 repente
2359 645 2504 694 vox
2561 624 2740 695 ceci-

585 751 738 821 dit?
787 748 921 819 nisi
971 750 1176 838 longa
1224 758 1294 817 et
1353 746 1538 839 apud
1588 745 1928 837 quosdam
1982 746 2434 838 superstitum
2497 747 2740 820 odiosa

585 874 757 941 forte
796 868 1097 941 narratio
1135 877 1345 938 esset.
1393 867 1528 938 Sed
1569 867 1655 938 de
1697 865 1805 937 his
1845 877 1916 937 et
1955 888 2145 959 saepe
2185 868 2383 952 aliaS,
2425 881 2496 941 et
2528 893 2733 956 nunc,

586 994 775 1086 quod
823 1013 936 1062 res
986 990 1137 1086 ipsa
1188 989 1545 1081 poscebat,
1592 988 1923 1061 diximus.
1976 989 2210 1081 Neque
2258 990 2442 1061 enim
2492 1003 2570 1062 ut
2616 1015 2737 1064 eos

586 1136 934 1187 monerem
987 1133 1214 1184 sermo
1265 1111 1435 1182 mihi
1488 1111 1870 1195 institutuS,
1917 1113 2040 1185 sed
2090 1124 2167 1183 ut
2214 1112 2337 1184 tibi
2387 1114 2739 1185 satisface-

587 1262 757 1322 rem,
820 1236 1020 1308 cuius
1080 1234 1359 1306 omnino
1417 1234 1703 1306 diversa
1760 1236 2062 1308 conditio
2119 1248 2245 1308 est.
2310 1239 2497 1307 Tunc
2552 1240 2731 1308 enim

589 1360 892 1432 maxime
942 1357 1327 1442 resonabis,
1372 1381 1532 1429 cum
1575 1358 1708 1430 iarn
1751 1360 1937 1452 loqui
1979 1361 2272 1452 amplius
2315 1360 2730 1451 nequiveris.

590 1468 943 1554 Caeterum'
967 1481 1169 1552 valde
1202 1480 1615 1573 impatientis
1652 1482 1860 1554 animi
1893 1496 2003 1556 est
2035 1483 2446 1555 brevissima
2482 1505 2736 1576 expec-

592 1606 844 1678 tatione
886 1604 1209 1697 torqueri.
1254 1607 1564 1700 Expecta
1604 1600 1998 1700 paululum3
2048 1608 2187 1678 eris
2239 1606 2381 1678 voti
2420 1626 2733 1698 compos:

590 1754 749 1803 cum
782 1730 1059 1802 obstare
1094 1729 1215 1801 tibi
1249 1729 1398 1822 ipse
1422 1729 1735 1813 desieris,
1765 1730 1853 1815 id,
1882 1752 1975 1801 ex
2008 1741 2217 1824 parte,
2248 1732 2569 1822 longaeva
2600 1730 2738 1798 for-

592 1877 721 1927 san
770 1854 1115 1939 absentia,
1172 1853 1259 1925 ad
1311 1856 1612 1946 plenum,
1658 1876 1844 1925 mors
1891 1855 2035 1925 sola
2075 1853 2453 1945 praestabit.
2504 1853 2738 1924 Reduc

593 1979 683 2051 ad
722 1979 1123 2051 memoriam
1171 2001 1265 2049 ex
1314 1978 1637 2049 omnibus
1691 1976 1967 2050 saeculis
2019 1976 2321 2048 illustres
2372 1977 2564 2048 viros
2604 1978 2741 2047 Ro-

595 2122 867 2185 manos,
896 2102 1209 2184 GraeCOS,
1237 2097 1600 2184 barbaros,
1632 2123 1927 2193 quorum
1960 2123 2099 2171 non
2134 2099 2505 2192 praesentia
2535 2101 2740 2169 famae

596 2224 923 2296 nocuerit.
979 2221 1145 2305 Tibi,
1198 2220 1311 2290 cui
1360 2222 1696 2292 recentior
1735 2224 2066 2295 memoria
2113 2234 2244 2309 est,
2288 2224 2519 2315 plures
2570 2222 2742 2290 forte

595 2370 688 2420 ex
722 2344 1026 2418 historiis
1062 2354 1441 2416 occurrent.
1480 2345 1631 2435 Ego
1672 2343 1741 2415 id
1778 2344 1893 2414 uni
1929 2346 2235 2417 omnium
2270 2343 2589 2418 Africano
2623 2342 2745 2413 tri-

598 2468 841 2539 butum
891 2466 1198 2550 memini,
1252 2477 1331 2536 ut
1381 2467 1638 2539 scilicet
1685 2480 1756 2538 et
1802 2470 1983 2540 fama
2035 2464 2394 2554 mirabilis,
2450 2481 2518 2539 ct
2565 2488 2747 2561 proe-

600 2590 817 2659 sentia
850 2587 1227 2660 mirabilior
1253 2588 1644 2659 haberetur.
1674 2591 1863 2662 Idem
1895 2591 2109 2662 sacris
2139 2593 2207 2661 in
2233 2590 2476 2662 litteris
2504 2587 2747 2660 tribui-

602 2723 712 2783 tur
764 2710 1146 2781 Salomoni:
1211 2729 1447 2802 quaere
1497 2710 1732 2796 alium,
1776 2712 1949 2781 forte
2006 2733 2142 2781 non
2201 2712 2555 2791 invenies3
2612 2713 2744 2782 etsi

598 2832 926 2925 Virgilius
961 2831 1325 2904 immodico
1362 2831 1591 2902 studio
1617 2833 1901 2901 AEneam
1940 2853 2140 2902 suum
2175 2831 2576 2912 exornandi,
2615 2829 2746 2899 hoc

601 2960 691 3031 ad
728 2981 887 3028 eum
938 2957 1175 3048 gloriae
1219 2977 1438 3047 genus
1481 2957 1851 3025 transferre
1890 2952 2274 3024 contendat.
2321 2953 2455 3023 Sed
2504 2951 2745 3022 immo—

601 3083 737 3154 bile
791 3103 1039 3152 .verum
1090 3091 1217 3151 est.
1270 3081 1634 3148 Excusant
1673 3087 1930 3161 tamen,
1983 3075 2184 3168 quasi
2235 3098 2372 3146 non
2428 3074 2740 3158 AEneam,

604 3203 757 3288 sed,
821 3203 955 3273 sub
1005 3203 1242 3272 AEneae
1298 3200 1602 3285 nomine,
1648 3200 1876 3271 virum
1938 3201 2180 3269 fortem
2236 3199 2748 3291 perfectumque

606 3325 971 3398 describat.
1012 3324 1213 3396 Dedit
1261 3324 1442 3394 idem
1500 3334 1851 3394 oratorum
1902 3321 2023 3392 uni
2074 3322 2439 3394 dumtaxat
2486 3321 2575 3407 is,
2629 3320 2747 3415 qui

608 3450 738 3522 hoc
790 3449 923 3520 sibi
950 3448 1203 3520 ·verius
1254 3451 1704 3541 usurpasset3
1756 3447 2167 3541 perillustris
2220 3448 2476 3521 scilicet
2526 3460 2752 3521 orato—

609 3598 763 3645 rum
813 3573 1129 3667 princeps
1195 3575 1469 3645 Marcus
1522 3573 1816 3659 TulliuS,
1880 3571 2000 3644 uni
2058 3597 2334 3667 quoque
2396 3585 2749 3669 poetarum

610 3697 792 3768 idem
846 3696 1106 3781 tribuit,
1152 3694 1329 3767 Aulo
1367 3696 1647 3768 Licinio*
1671 3695 1966 3768 Archiae.
2031 3698 2165 3769 Sed
2216 3721 2461 3771 vereor
2510 3723 2598 3771 ne
2648 3699 2747 3782 id,

613 3840 847 3889 amore
896 3819 1223 3890 iudicium
1275 3819 1691 3912 obliquante,
1747 3821 2149 3913 praeceptori
2204 3844 2331 3892 suo
2388 3819 2750 3893 mediocris

616 3938 871 4027 ingenii
910 3941 1064 4012 viro
1099 3941 1381 4027 tribuat,
1419 3944 1608 4035 quod
1646 3965 1772 4014 nec
1812 3945 2105 4014 Homero
2144 3943 2402 4027 tribuit,
2441 3966 2566 4014 nec
2598 3941 2753 4011 Vir-

617 4059 778 4149 gilio
818 4060 1194 4135 tribuisset.
1250 4067 1617 4150 Caeterum,
1673 4077 1749 4137 ut
1797 4066 1885 4137 ad
1935 4076 2002 4137 te
2051 4077 2384 4150 revertar,
2439 4064 2609 4134 nihil
2657 4086 2753 4133 ex

617 4182 936 4254 omnibus
994 4208 1155 4276 quae
1202 4187 1379 4270 dixi,
1431 4189 1618 4279 quod
1668 4189 1788 4260 tibi
1837 4189 2090 4260 iustam
2156 4186 2555 4276 indignandi
2607 4209 2754 4258 ma-
