3104 4805
490 377 592 427 CVI
1297 371 1833 426 PROLEGOMENON.

514 517 615 589 Ep.
694 514 749 570 5.
788 514 876 569 An
903 524 1187 568 lentorum.
1209 510 1348 574 -5-A
1382 509 1589 565 limine
1615 510 1843 564 mortis.

837 603 983 673 Arq.
1017 600 1345 656 Gratulatur
1362 599 1431 654 de
1450 599 1766 655 valetudine
1784 604 2136 672 recuperata:
2159 616 2374 672 nosque
2391 600 2626 656 vivendo

910 690 1053 746 mori
1072 730 1087 758 ‚
1118 694 1174 744 et
1200 687 1489 744 moriendo
1517 690 1713 744 mortis
1740 689 1911 744 finem
1937 693 2199 761 oppetere
2224 689 2588 745 demonstrat.

518 783 619 855 Ep.
695 782 750 836 6.
789 779 1047 835 N1como
1077 777 1363 834 Episcopo
1390 777 1788 835 vammum.
1810 809 1882 822 —
1906 779 2008 834 Vir
2032 779 2204 850 fortis
2233 780 2486 835 hortari.

841 869 987 940 Ar9.
1021 866 1237 922 Gaudet
1261 884 1292 922 e
1320 869 1473 939 gravi
1509 868 1706 924 morbo
1748 868 1911 923 illum
1950 869 2299 924 convaluisse
2314 911 2330 938 ‚
2372 871 2630 925 hortatur

910 954 981 1011 ad
1022 954 1406 1010 fortitudinem
1449 957 1651 1026 animi3
1680 961 1738 1012 et
1763 957 2068 1012 valetudini
2106 959 2500 1031 recuperandae
2536 975 2629 1030 ap-

909 1046 1089 1118 prime
1115 1045 1316 1101 idoneo
1341 1044 1518 1102 Vallis
1543 1045 1759 1102 Clausae
1783 1047 2025 1119 hospitio
2051 1047 2215 1103 illum
2241 1048 2454 1103 invitat.

518 1138 619 1212 Ep.
697 1137 753 1192 7.
796 1136 1069 1192 Socnnl.
1091 1164 1164 1175 —
1192 1134 1356 1188 Venit
1384 1134 1629 1189 amicus.

837 1224 984 1296 Ary.
1016 1222 1256 1278 Nunciat
1282 1221 1584 1277 adventum
1611 1223 1717 1278 sibi
1746 1228 2098 1295 pergratum,
2128 1224 2387 1295 doletque
2414 1222 2625 1279 abitum

910 1311 1073 1366 amici
1103 1309 1170 1364 de
1199 1326 1311 1381 quo
1339 1310 1516 1365 nescit
1544 1312 1774 1365 omnino
1804 1327 1916 1382 quo
1945 1328 2004 1365 se
2031 1310 2346 1366 contulerit.

520 1404 623 1479 Ep.
697 1403 752 1460 8.
793 1401 989 1458 LAEuo
1021 1414 1150 1456 suo.
1172 1399 1355 1454 —Ad
1383 1400 1491 1455 III
1511 1400 1812 1455 Kalendas
1840 1402 2106 1456 Martias.

835 1492 982 1562 Arq.
1013 1489 1218 1544 Narrat
1246 1488 1350 1543 sibi
1392 1487 1889 1544 Carthusianorum
1929 1488 2241 1545 coenobium
2268 1486 2478 1560 petenti
2513 1502 2627 1542 ma-

911 1584 1103 1634 tronas
1131 1577 1414 1632 Romanas
1442 1576 1631 1633 obvias
1660 1578 1970 1634 occurrisse
1988 1620 2006 1648 ,
2033 1594 2271 1651 qumque
2296 1577 2366 1634 ab
2393 1578 2527 1651 ipsis
2553 1577 2624 1634 de

917 1668 1149 1725 urbanis
1175 1667 1344 1723 rebus
1372 1668 1673 1723 resciverit.

522 1762 624 1835 ΕΡ.
696 1760 754 1816 9.
794 1761 1046 1816 ΖΕΝοΒιο
1076 1758 1475 1814 FLonEN‘rmo.
1495 1788 1569 1800 -
1587 1759 1637 1814 A
1669 1758 1965 1831 Babylone
1989 1758 2322 1813 novissima.

842 1848 989 1920 Ary.
1023 1844 1390 1904 Commendat
1416 1847 1732 1904 coenobium
1760 1847 1964 1903 Montis
1982 1847 2110 1902 Rivi
2138 1852 2201 1904 ut
2227 1845 2372 1917 regis
2398 1844 2630 1919 patroci-

918 1936 1077 1991 nium
1105 1935 1189 1990 illi
1215 1935 1487 1991 conciliet.

520 2024 622 2098 Ep.
664 2024 758 2081 10.
798 2024 1050 2079 ΖεΝοΒιο
1080 2022 1475 2081 nonam-mo.
1497 2055 1571 2066 —
1591 2026 1782 2092 Quam
1811 2027 1950 2099 leyis
1976 2027 2304 2098 epistolam.

844 2113 990 2183 Ary.
1020 2111 1259 2164 Nunciat
1286 2127 1346 2165 se
1374 2111 1593 2166 Italiam
1620 2131 1814 2170 versus
1841 2116 1954 2170 iam
1981 2115 2207 2171 tandem
2225 2116 2332 2169 iter
2357 2113 2627 2185 arripere,

918 2201 1177 2271 doletque
1202 2199 1285 2254 illi
1308 2205 1364 2254 et
1389 2215 1593 2271 magno
1616 2201 1799 2271 Regni
1819 2204 2143 2261 Senescalco
2166 2203 2375 2275 aliquid
2400 2204 2633 2257 infortu-

913 2288 997 2344 nii
1022 2287 1338 2358 contigisse.

521 2381 623 2454 Ep.
665 2379 756 2435 11.
799 2376 1123 2434 anmsco
1145 2376 1354 2433 Pmom
1375 2375 1474 2432 88.
1496 2375 1950 2432 ΑΡοετοιοῐωυ.
1968 2376 2186 2433 —Non
2210 2376 2425 2432 solebat
2449 2374 2621 2430 mihi.

843 2468 992 2540 Ary.
1024 2467 1199 2522 Multa
1226 2466 1295 2520 de
1323 2465 1502 2538 pretio
1541 2466 1836 2538 temporis:
1884 2483 2055 2538 seque
2095 2466 2390 2521 Mediolani
2415 2472 2479 2521 ut
2505 2465 2630 2520 civi-

916 2557 1043 2611 tatis
1072 2555 1297 2611 domino
1324 2570 1537 2609 morem
1568 2559 1785 2625 gereret
1812 2556 2144 2610 constitisse.

520 2648 623 2721 Ep.
664 2646 755 2701 12.
797 2644 1121 2700 anmsco
1147 2645 1357 2699 Pmom
1387 2643 1485 2699 SS.
1517 2644 1970 2699 Aposromnnu.
1993 2672 2065 2684 —
2083 2644 2161 2699 Et
2185 2642 2603 2715 familiaribus.

843 2735 991 2807 Ary.
1033 2733 1250 2799 Quibus
1290 2733 1644 2806 potissimum
1684 2732 1967 2788 rationum
2006 2731 2303 2787 momentis
2331 2730 2436 2785 sibi
2460 2730 2628 2786 fuerit

914 2841 1248 2898 persuasum
1287 2830 1350 2879 ut
1391 2823 1628 2879 Iohanni
1676 2822 1997 2877 Vicecomiti
2045 2838 2261 2877 morem
2305 2828 2523 2894 gereret
2571 2827 2626 2877 et

911 2914 1206 2971 Mediolani
1231 2913 1560 2972 constiterit.

521 3003 623 3078 Ep.
663 3002 754 3059 13.
796 3002 1122 3059 anmsco
1169 3003 1378 3058 Pmom
1436 3002 1535 3057 88.
1596 3001 2052 3057 Aposromnuu.
2084 3030 2157 3042 —
2176 3000 2511 3072 Quidquam
2554 3017 2629 3055 ne

916 3094 1278 3149 mortalium.

844 3185 988 3255 Ary.
1019 3184 1101 3238 De
1128 3181 1590 3237 obtrectatoribus
1617 3184 1673 3236 et
1700 3180 2003 3236 maledicis.
2044 3179 2258 3236 Fabula
2295 3179 2366 3234 de
2408 3179 2629 3235 duobus

917 3272 1139 3328 rusticis
1165 3277 1221 3326 et
1246 3272 1515 3326 iumento.

526 3368 626 3440 Ep.
666 3365 755 3421 14.
798 3364 1121 3420 mecisco
1150 3363 1360 3417 Pmom
1391 3363 1489 3417 88.
1520 3361 1976 3417 ΑΡοεΤοιοιωιι.
1998 3361 2221 3416 —Risi
2245 3366 2311 3416 ut
2337 3361 2587 3415 iubebas.

847 3455 991 3526 Ary.
1025 3452 1197 3525 Capta
1225 3452 1510 3507 occasione
1539 3451 1696 3523 parvi
1723 3452 2014 3508 cuiusdam
2039 3452 2246 3507 erroris
2272 3451 2342 3506 ab
2369 3452 2544 3506 amico
2569 3451 2629 3506 in

916 3541 1115 3598 litteris
1142 3541 1399 3611 admissi,
1428 3556 1600 3613 quam
1628 3541 1846 3596 solliciti
1873 3558 1994 3597 esse
2021 3541 2321 3598 debeamus
2349 3541 2418 3597 de
2444 3556 2630 3596 emen-

917 3633 1139 3690 datione
1167 3648 1391 3688 morum
1419 3632 1679 3688 ostendit.
2193 3632 2198 3637 ’

1366 3817 1583 3880 LIBER
1624 3817 1790 3880 XVII.

528 3988 630 4060 Ep.
705 3987 760 4043 1.
802 3987 1080 4044 (il-:nanno
1108 3987 1747 4062 FnArn1.-Reli9iosi
1773 3992 2078 4047 cuiusdam
2104 3992 2240 4047 viri.

847 4075 995 4148 Ary.
1057 4078 1325 4142 Quaenam
1378 4095 1510 4134 vera
1565 4079 1944 4152 philosophia,
1990 4098 2117 4154 quse
2160 4094 2290 4135 vera
2330 4078 2419 4132 lex
2437 4115 2453 4145 ,
2499 4074 2625 4146 quis

922 4166 1216 4239 utriusque
1245 4168 1489 4241 optimus
1516 4169 1589 4225 sit
1616 4169 1896 4242 magister.
