3104 4805
902 414 1088 464 Lmen
1130 416 1844 468 marrus—nmmum
1887 419 2033 468 xvn.
2422 406 2534 467 177

391 559 500 632 his
540 559 613 631 in
653 556 1173 629 Ecclesiastico:
1217 559 1437 631 Donec
1471 559 1825 655 accipiant,
1870 560 2118 655 inquit,
2157 564 2540 633 osculantur

390 704 626 753 manus
658 679 907 766 dantis,
945 684 1101 753 etin
1124 683 1672 776 promissionibus
1697 683 2048 754 humiliant
2073 704 2297 755 vocem
2313 707 2540 767 suam,·

391 817 454 875 et
499 806 574 876 in
619 815 904 896 tempore
942 802 1325 878 redditionis
1373 808 1735 899 postulabit
1797 817 2043 900 tempus
2060 862 2075 890 ,
2134 817 2198 876 et
2247 809 2543 900 loquetur

390 929 590 998 verba
617 925 798 998 taedii
819 939 882 997 et
905 932 1524 1001 murmurationum.
1562 930 1759 1001 Nosti
1792 938 2063 1002 caetera.
2100 927 2190 1000 At
2214 930 2541 1022 quoniam

393 1050 572 1123 inter
609 1050 919 1143 ingratos
964 1051 1239 1138 vivitur,
1292 1075 1432 1125 non
1482 1052 1641 1125 ideo
1690 1052 2170 1126 desinendum.
2221 1050 2545 1144 Alioquin

391 1174 619 1247 virtus
645 1173 815 1245 vitio
849 1173 1033 1246 victa
1064 1174 1445 1262 videbitur,
1485 1176 1612 1248 sed
1644 1177 1995 1271 aliquanto
2028 1174 2301 1260 cautius
2329 1196 2545 1267 agen-

392 1295 560 1368 dum
600 1318 777 1369 reor.
823 1298 926 1368 Tu
965 1300 1146 1370 vale:
1199 1308 1270 1370 et
1318 1297 1656 1392 quidquid
1705 1308 1988 1372 acturus
2029 1320 2138 1384 eS,
2182 1296 2349 1370 dum
2391 1320 2546 1368 mu-

393 1420 582 1493 tandi
634 1430 910 1516 tempus
956 1432 1088 1508 est,
1141 1420 1396 1514 cogita:
1461 1433 1620 1517 post
1681 1423 1865 1495 enim
1917 1421 2323 1496 deliberatio
2389 1441 2543 1493 sera

392 1553 519 1615 est.
561 1544 753 1617 Vale.

1169 1922 1526 1989 EPISTOLA
1565 1923 1751 1989 XVIII.

612 2119 1005 2172 FRANCISCUS
1048 2117 1385 2168 PETRARCA
1425 2119 1726 2169 GERARDO
1772 2119 2006 2169 FRATRI
2049 2121 2101 2171 S.
2144 2121 2198 2170 P.
2242 2098 2326 2170 D.¹
2376 2176 2382 2182 Ι

760 2309 840 2365 De
870 2325 970 2365 sua
997 2308 1295 2380 cupiditate
1322 2307 1495 2364 libros
1523 2308 1774 2382 undique
1802 2307 2175 2380 comparandi.

591 2533 791 2618 Quod
832 2554 1018 2626 saepe
1053 2533 1214 2605 olim
1254 2534 1371 2604 vel
1396 2530 1655 2604 oblivio
1687 2535 1801 2604 vel
1837 2541 2072 2627 torpor
2105 2531 2405 2616 abstulit,
2444 2542 2547 2603 at-

399 2661 676 2750 tingam,
716 2658 943 2728 frater.
981 2656 1052 2726 Si
1087 2654 1368 2748 gloriari
1400 2654 1572 2741 licet,
1603 2653 1788 2751 apud
1822 2666 1889 2728 te
1924 2653 2273 2748 gloriabor
2304 2655 2375 2726 in
2408 2656 2542 2742 illo,

396 2781 468 2852 in
506 2801 645 2874 quo
684 2781 830 2852 solo
869 2777 1148 2870 gloriari
1192 2787 1413 2850 tutum
1453 2787 1584 2850 est.
1628 2778 1773 2850 Iam
1812 2800 1906 2850 ex
1945 2777 2269 2851 omnihus
2303 2778 2549 2849 huma-

396 2926 637 2976 narum
676 2900 1129 2996 cupiditatum
1155 2900 1541 2988 ardoribus
1579 2901 1713 2974 etsi
1747 2924 1886 2975 non
1908 2903 1978 2973 in
2006 2911 2255 2986 totum,
2294 2924 2551 2996 magna

395 3037 623 3099 tamen
661 3047 757 3098 ex
795 3032 992 3117 parte
1030 3022 1269 3096 divina
1320 3046 1432 3095 me
1470 3025 1691 3118 pietas
1734 3023 2014 3120 eripuit:
2057 3046 2097 3096 e
2135 3024 2313 3096 coelo
2361 3023 2548 3095 enim

392 3157 523 3234 est,
570 3169 700 3223 seu
739 3143 810 3216 id
850 3145 1018 3216 mihi
1066 3153 1337 3216 naturae
1386 3143 1690 3231 bouitaS‚
1749 3167 1875 3219 seu
1922 3145 2078 3218 dies
2127 3142 2545 3239 praestiterit.

393 3271 606 3344 Multa
629 3268 911 3364 quidem
940 3266 1269 3353 vidend0,
1308 3270 1741 3363 multumque
1774 3267 2140 3362 cogitando
2163 3267 2547 3359 intelligere

397 3393 671 3467 tandem
720 3392 925 3486 coepi‚
979 3390 1219 3484 quanti
1272 3390 1410 3462 sint
1461 3392 1690 3464 studia
1740 3392 1916 3477 haec,
1960 3390 2218 3485 quihus
2256 3387 2547 3461 mortale

397 3537 622 3611 genus
659 3523 1028 3588 exaestuat.
1070 3514 1174 3586 Ne
1223 3522 1457 3584 tamen
1496 3513 1588 3585 ab
1626 3513 1951 3587 omnibus
1998 3512 2355 3585 hominum
2404 3509 2551 3604 pia-

397 3639 571 3712 culis
611 3639 989 3710 immunem
1048 3646 1278 3730 putes,
1348 3657 1489 3707 una
1552 3634 1993 3729 inexplebilis
2044 3631 2387 3727 cupiditas
2437 3653 2550 3703 me

400 3769 618 3845 tenet,
662 3781 874 3853 quam
914 3761 1185 3832 frenare
1223 3760 1563 3831 hactenus
1613 3779 1744 3830 nec
1790 3756 2003 3853 potui,
2040 3764 2231 3829 certe
2264 3773 2394 3826 nec
2427 3774 2553 3825 vo-

400 3881 523 3952 lui:
563 3880 732 3952 mihi
794 3881 980 3953 enim
1029 3880 1552 3968 interblandior,
1606 3882 2063 3955 honestarum
2120 3901 2354 3952 rerum
2412 3900 2552 3951 non

400 4004 836 4077 inhonestam
869 4026 1032 4077 esse
1065 4004 1481 4098 cupidinem.
1518 4005 1864 4102 Expectas
1900 4003 2143 4078 audire
2176 4001 2399 4076 morbi
2430 4022 2554 4095 ge-

398 4131 578 4201 nus?
618 4128 849 4200 Libris
891 4126 1128 4200 satiari
1159 4148 1462 4222 nequeo:
1504 4138 1575 4202 et
1610 4128 1838 4202 habeo
1871 4132 2108 4224 plures
2135 4128 2311 4200 forte
2341 4146 2551 4219 quam

556 4286 571 4319 ¹
604 4286 724 4339 Raec
744 4284 960 4351 epistola
982 4285 1036 4336 lu
1062 4283 1219 4337 codd.
1244 4285 1312 4348 Α,
1340 4286 1404 4350 Β,
1429 4286 1468 4337 C
1498 4286 1739 4351 inscripta
1760 4285 1944 4352 legitur
1963 4283 2170 4338 Iohanni
2192 4280 2470 4417 Anghlsaeo.

706 4382 738 4421 ι.
2242 4370 2264 4420 ¹
