3104 4805
551 354 666 432 272
1218 369 1299 415 nn
1343 369 1542 416 annus
1587 369 2031 417 mummulus

551 511 974 584 lescentibus
1042 510 1354 594 armatiS,
1410 534 1709 610 quorum
1770 512 2111 584 licentiam
2165 514 2353 583 nulla
2405 536 2710 605 unquam

550 639 661 708 vel
700 647 976 731 patrum
1018 634 1411 730 disciplina,
1444 639 1560 707 vel
1586 637 2117 728 magistratuum
2160 638 2565 722 auctoritas,
2597 641 2707 708 vel

550 780 797 851 regum
838 758 1171 831 maiestas
1224 769 1431 852 atque
1491 758 1852 853 imperium
1905 761 2176 831 frenare
2224 759 2471 853 quivit.
2527 760 2712 845 Quid

549 892 781 951 autem
821 880 977 950 miri
1016 891 1128 951 est
1161 881 1220 951 si
1253 880 1423 975 quid
1464 903 1590 975 per
1633 880 1950 951 umbram
1991 881 2233 965 noctis,
2278 883 2466 953 nullo
2503 894 2706 966 teste,

548 1003 968 1097 petulantius
1033 1004 1364 1088 audeant,
1408 1026 1600 1089 cum,
1640 1006 1793 1075 luce
1843 1004 2103 1082 media,
2159 1003 2709 1099 inspectantibus

549 1126 832 1219 regibus
897 1149 978 1199 ac
1040 1130 1321 1222 populo,
1377 1127 1652 1199 infamis
1706 1128 1821 1199 ille
1871 1128 2328 1220 gladiatorius
2381 1129 2586 1201 ludus
2639 1129 2707 1199 in

548 1251 722 1324 urbe
770 1251 930 1324 itala
970 1251 1360 1323 celebretur
1401 1255 1773 1347 plusquam
1815 1251 2178 1357 barbarica
2227 1253 2538 1325 feritate?
2585 1252 2707 1323 ubi

546 1397 740 1447 more
788 1375 1130 1470 pecudum
1198 1374 1484 1466 sanguis
1550 1375 1901 1445 humanus
1963 1375 2312 1462 funditur,
2364 1384 2433 1447 et
2484 1395 2698 1468 saepe,

546 1498 1035 1592 plaudentibus
1089 1498 1486 1569 insanorum
1538 1497 1811 1583 cuneis,
1859 1497 1993 1569 sub
2036 1499 2256 1570 oculis
2292 1496 2701 1569 miserorum

547 1632 908 1714 parentum
953 1621 1259 1693 infelices
1303 1620 1424 1691 filii
1468 1622 1905 1713 iugulantur,
1966 1622 2344 1714 iuguloque
2399 1621 2704 1714 gladium

546 1744 982 1816 cunctantius
1034 1745 1427 1838 excepisse,
1473 1744 1756 1816 infamia
1798 1767 2074 1817 summa
2126 1754 2278 1831 est,
2335 1746 2542 1839 quasi
2582 1769 2708 1840 pro

548 1868 919 1961 republica,
956 1878 1079 1940 aut
1117 1890 1242 1961 pro
1280 1881 1566 1941 aeternae
1605 1868 1773 1940 vitae
1812 1869 2118 1964 praemiis
2159 1874 2509 1942 certetur?
2542 1872 2706 1942 llluc

546 2014 678 2083 ego
719 1992 980 2086 pridem
1017 1991 1304 2084 ignarus
1339 1994 1649 2064 omnium
1683 1993 1935 2065 ductus
1973 2015 2148 2078 sum,
2182 1994 2273 2066 ad
2299 1996 2523 2066 locum
2553 1994 2704 2065 urbi

545 2115 962 2206 contiguum,
1000 2137 1209 2206 quem
1252 2115 1744 2187 Carbonariam
1785 2128 2051 2201 vocant,
2091 2139 2230 2188 non
2262 2116 2547 2209 indigno
2582 2139 2707 2188 vo-

546 2235 821 2323 cabulo,
868 2235 985 2308 ubi
1028 2236 1288 2308 scilicet
1328 2238 1418 2309 ad
1458 2240 1703 2309 mortis
1745 2238 2065 2312 incudem
2109 2250 2431 2313 cruentos
2472 2240 2705 2312 fabros

545 2358 866 2451 denigrat
906 2368 1253 2431 tantorum
1299 2361 1642 2432 scelerum
1685 2362 1976 2435 officina.
2016 2362 2279 2437 Aderat
2310 2362 2593 2456 Regina,
2636 2372 2707 2435 et

544 2481 862 2553 Andreas
891 2483 1221 2572 ReguluS,
1275 2505 1451 2576 puer
1500 2482 1619 2554 alti
1670 2485 1898 2570 animi,
1941 2486 2001 2556 si
2057 2510 2362 2580 unquam
2412 2488 2703 2560 dilatum

542 2602 861 2675 diadema
903 2604 1308 2695 susceperit.
1354 2604 1615 2678 Aderat
1658 2608 1886 2677 omnis
1929 2608 2373 2701 Neapolitana
2438 2610 2700 2694 militia,

543 2750 684 2820 qua
729 2730 917 2799 nulla
965 2726 1331 2820 comptior,
1386 2730 1577 2798 nulla
1624 2728 2022 2810 decentior3
2078 2732 2333 2820 vulgus
2386 2731 2702 2803 certatim

542 2870 753 2921 omne
778 2849 1235 2921 confluxerat.
1274 2850 1425 2941 Ego
1460 2849 1693 2943 itaque
1720 2859 1911 2921 tanto
1945 2871 2320 2935 concursu,
2371 2863 2702 2945 tantaque

542 2974 888 3043 clarorum
951 2972 1310 3044 hominum
1377 2972 1755 3044 intentione
1818 2992 2236 3065 suspensuS,
2309 2980 2385 3041 ut
2434 2973 2698 3062 grande

545 3092 803 3186 aliquid
845 3093 1157 3178 visuruS,
1186 3096 1421 3166 oculos
1449 3094 1908 3177 intenderam3
1951 3092 2118 3163 dum
2160 3103 2460 3187 repente,
2495 3094 2700 3186 quasi

547 3220 778 3289 laetum
811 3217 1144 3311 quiddam
1179 3216 1564 3304 accidisset,
1602 3220 1892 3311 plausus
1921 3216 2403 3288 inenarrabilis
2437 3216 2527 3287 ad
2561 3239 2703 3288 coe-

546 3345 690 3416 lum
734 3343 1007 3416 tollitur.
1052 3342 1570 3436 circumspicio,
1626 3352 1698 3414 et
1735 3363 1896 3413 ecce
1938 3340 2489 3413 formosissimus
2539 3340 2706 3412 ado-

546 3468 845 3551 lescens,
890 3465 1114 3558 rigido
1155 3487 1486 3538 mucrone
1538 3468 2001 3550 transfossuS,
2046 3473 2204 3536 ante
2245 3465 2466 3560 pedes
2507 3485 2702 3536 meos

547 3590 825 3661 corruit.
879 3588 1263 3683 Obstupui3
1309 3600 1379 3661 et
1418 3599 1562 3662 toto
1613 3612 1900 3683 corpore
1939 3590 2470 3672 cohorrescens,
2525 3608 2705 3679 equo

547 3711 930 3784 calcaribus
971 3713 1233 3798 adacto,
1272 3723 1524 3785 tetrum
1567 3722 1776 3805 atque
1815 3722 2190 3783 tartareum
2236 3712 2704 3806 spectaculum

549 3834 785 3927 effugi,
820 3836 1145 3907 comitum
1186 3837 1524 3921 fraudem,
1574 3844 2042 3931 spectatorum
2080 3834 2453 3919 saevitiam,
2498 3842 2571 3905 et
2603 3835 2710 3905 lu-

552 3977 787 4025 sorum
815 3956 1151 4029 insaniam
1177 3957 1555 4030 identidem
1582 3978 1944 4030 accusans,
1976 3957 2142 4029 Haec
2167 3957 2443 4047 gemina
2468 3953 2704 4048 pestis,

552 4086 747 4169 pater
785 4079 1068 4168 optime,
1114 4079 1317 4173 quasi
1358 4102 1483 4173 per
1523 4101 1774 4154 manus
1817 4079 2064 4155 tradita
2104 4101 2146 4154 a
2186 4077 2566 4154 maioribus
2618 4070 2707 4143 ad

554 4207 866 4288 posteros
913 4221 1184 4293 semper
1226 4203 1604 4274 crescendo
1660 4203 2003 4299 pervenit,
2062 4223 2284 4298 coque
2335 4219 2705 4297 progressa
