3104 4805
1058 438 1362 487 EPISTOLA
1404 439 1439 486 A
1450 441 1487 488 D
1530 441 1872 491 Pos‘rssnos.
2507 434 2544 491 3

388 586 553 655 Mox
602 603 773 652 vero
796 573 913 651 ‘ad
960 579 1574 672 quadragesimum
1631 602 1890 654 annum
1950 588 2536 679 appropinquans,

385 706 555 777 dum
596 703 828 774 adhuc
867 711 938 772 et
976 701 1227 772 caloris
1269 703 1441 772 satis
1482 712 1673 774 esset
1711 711 1782 775 et
1820 706 2105 790 virium,
2142 729 2281 777 non
2318 711 2541 779 solum

387 829 641 898 factum
692 823 862 894 illud
910 822 1349 908 obscoenum,
1407 825 1533 896 sed
1590 825 1744 896 eius
1804 827 2206 898 memoriam
2268 849 2541 901 omnem

389 953 490 1021 sic
526 923 769 1032 abieci,
805 948 1009 1039 quasi
1049 968 1405 1038 nunquam
1447 948 1799 1019 foeminam
1841 951 2314 1042 aspexissem:
2353 954 2544 1043 quod

387 1073 566 1141 inter
589 1068 850 1160 primas
878 1067 1231 1138 felicitates
1258 1089 1450 1139 meas
1476 1090 1814 1154 memoro,
1843 1072 1987 1141 Deo
2014 1073 2273 1160 gratias
2308 1093 2540 1162 agens,

389 1192 509 1284 qui
550 1212 661 1261 me
700 1189 929 1260 adhuc
979 1191 1322 1280 integrum
1363 1199 1434 1260 et
1472 1190 1853 1279 vigentem,
1902 1199 2041 1261 tam
2091 1193 2212 1262 vili
2257 1201 2331 1262 et
2377 1194 2546 1263 mihi

391 1335 664 1405 semper
710 1312 955 1383 odioso
998 1312 1281 1382 servitio
1331 1312 1671 1382 liberavit.
1727 1312 1863 1383 Sed
1913 1313 2004 1384 ad
2053 1315 2186 1385 alia
2224 1316 2543 1408 procedo.

391 1436 590 1506 Sensi
646 1432 1074 1525 superbiam,
1130 1431 1200 1502 in
1241 1432 1420 1518 aliis,
1466 1455 1604 1504 non
1653 1436 1722 1503 in
1770 1456 1911 1518 me,
1953 1446 2025 1506 et
2071 1458 2230 1507 cum
2283 1457 2545 1529 parvus

391 1557 659 1640 fuerim,
692 1577 966 1648 semper
992 1555 1215 1626 minor
1247 1555 1498 1626 iudicio
1532 1577 1688 1626 meo
1720 1557 1839 1625 fui.
1873 1558 1980 1628 Ira
2007 1579 2159 1629 mea
2186 1553 2354 1637 mihi
2387 1578 2547 1650 per-

393 1699 581 1770 saepe
632 1677 887 1772 nocuit,
932 1674 1087 1746 aliis
1129 1697 1505 1768 nunquam.
1550 1675 2030 1748 Amicitiarum
2064 1678 2546 1770 appetentissi—

393 1821 553 1869 mus
606 1800 1084 1882 honestarum,
1140 1807 1212 1870 et
1264 1798 1715 1869 fidelissimus
1766 1802 1989 1871 cultor
2041 1801 2159 1869 fui.
2204 1799 2548 1891 Intrepide

394 1922 676 2012 glorior,
719 1923 882 2013 quia
916 1921 1059 1992 scio
1098 1942 1210 1991 me
1242 1944 1487 1992 verum
1528 1920 1739 2013 loqui.
1777 1921 2366 2011 Indignantissimi
2401 1921 2549 1991 ani-

393 2044 519 2126 mi,
575 2042 700 2112 sed
753 2042 1172 2114 offensarum
1229 2041 1781 2125 obliviosissimi,
1836 2041 2325 2112 beneficiorum
2391 2062 2549 2133 per-

394 2164 740 2234 memoris.
781 2166 1168 2257 Principum
1211 2187 1293 2235 ac
1332 2186 1573 2255 regum
1627 2164 2202 2235 familiaritatibus
2239 2174 2313 2234 et
2351 2159 2549 2234 nobi-

394 2285 559 2355 lium
608 2285 923 2356 amicitiis
981 2306 1207 2377 usque
1257 2285 1346 2355 ad
1404 2285 1737 2356 invidiam
1787 2287 2177 2355 fortunatus
2228 2284 2347 2355 sui.
2411 2285 2548 2355 Sed

396 2407 527 2478 hoc
572 2417 682 2478 est
732 2407 1143 2499 supplicium
1209 2407 1741 2489 senescentium,
1811 2415 1889 2476 ut
1955 2427 2238 2476 suorum
2304 2402 2549 2496 saepis-

397 2529 569 2623 sime
618 2537 875 2599 mortes
929 2528 1154 2598 fleant.
1211 2529 1496 2599 Maximi
1548 2550 1791 2619 regum
1844 2550 2020 2599 meae
2069 2529 2301 2600 aetatis
2357 2549 2550 2598 ama-

398 2660 560 2720 runt
596 2661 667 2721 et
702 2653 1060 2721 coluerunt
1098 2673 1240 2731 me3
1281 2672 1408 2720 cur
1450 2661 1680 2721 autem
1730 2651 1988 2721 nescio:
2032 2652 2164 2743 ipsi
2215 2650 2546 2731 viderint3

395 2782 467 2842 et
503 2772 598 2843 ita
635 2792 795 2842 cum
829 2771 1248 2864 quibusdam
1283 2773 1409 2856 fui,
1448 2783 1525 2843 ut
1561 2771 1695 2863 ipsi
1730 2769 2242 2862 quodammodo
2273 2791 2545 2839 mecum

394 2899 656 2973 essent,
691 2897 765 2959 et
800 2889 1192 2959 eminentiae
1231 2910 1473 2959 eorum
1515 2890 1780 2958 nullum
1825 2886 2109 2956 taedium
2127 2939 2142 2967 ‚
2184 2884 2549 2955 commoda

397 3010 610 3079 multa
674 3008 1116 3101 perceperim.
1183 3009 1440 3079 Multos
1508 3017 1737 3079 tamen
1793 3028 2033 3077 eorum
2102 3024 2278 3096 quos
2346 3004 2550 3075 valde

396 3130 713 3201 amabam
761 3129 1002 3221 effugi3
1057 3139 1289 3201 tantus
1341 3131 1470 3200 fuit
1516 3130 1686 3200 mihi
1737 3129 1987 3199 insitus
2029 3150 2223 3198 amor
2272 3126 2552 3197 liberta-

400 3251 511 3334 tis,
565 3258 646 3320 ut
693 3251 891 3321 cuius
941 3254 1055 3323 vel
1104 3273 1356 3323 nomen
1406 3252 1638 3344 ipsum
1696 3250 1992 3322 libertati
2048 3251 2144 3321 illi
2191 3272 2351 3321 esse
2388 3270 2553 3320 con-

401 3371 686 3441 trarium
751 3372 1107 3444 videretur
1133 3428 1148 3456 ,
1216 3372 1404 3444 omni
1468 3372 1701 3443 studio
1765 3373 2200 3445 declinarem.
2270 3370 2552 3460 Ingenio

397 3490 497 3559 fui
536 3512 740 3583 aequo
780 3494 1011 3584 potius
1054 3515 1264 3585 quam
1310 3503 1537 3577 acuto,
1580 3495 1680 3593 ad·
1712 3515 1916 3564 omne
1956 3493 2212 3561 bonum
2251 3500 2325 3560 et
2366 3489 2553 3559 salu—

398 3610 520 3683 bre
570 3614 879 3685 studium
922 3624 1113 3707 apto,
1160 3615 1285 3687 sed
1337 3614 1429 3685 ad
1478 3616 1809 3685 moralem
1859 3612 2210 3703 praecipue
2248 3610 2555 3700 philoso-

400 3733 627 3825 phiam
692 3746 762 3806 et
826 3737 914 3806 ad
965 3737 1298 3827 poeticam
1355 3756 1594 3828 prono.
1656 3732 1878 3814 Quam
1937 3731 2157 3821 ipsam
2218 3748 2552 3819 processu

400 3856 726 3945 temporis
777 3857 1082 3946 neglexi,
1140 3858 1356 3927 sacris
1416 3854 1662 3925 litteris
1713 3853 2120 3935 delectatus,
2175 3850 2248 3919 in
2295 3848 2556 3941 quihus

399 3974 583 4045 sensi
618 3975 1051 4048 dulcedinem
1093 3977 1428 4061 abditam,
1466 3998 1675 4067 quam
1717 3972 2086 4064 aliquando
2124 3981 2556 4060 contempse-

400 4118 574 4180 ram,
621 4098 903 4189 poeticis
945 4099 1189 4169 litteris
1228 4099 1502 4170 nonnisi
1537 4098 1628 4168 ad
1668 4104 1984 4166 ornatum
2021 4093 2416 4164 reservatis
2446 4091 2556 4159 In-

397 4217 605 4288 cubui
640 4221 839 4291 unice
875 4221 1051 4291 inter
1084 4223 1298 4291 multa
1332 4221 1422 4292 ad
1455 4220 1765 4291 notitiam
1800 4216 2196 4297 vetustatis,
2227 4214 2550 4305 quoniam
