3104 4805
1178 391 1721 452 'PROLBGOMENOR
2363 408 2483 457 XCV

416 541 515 614 Ep.
591 540 648 597 9.
690 505 968 597 Pmmnppo
994 541 1147 598 Ems.
1179 541 1607 603 minumum.
1629 579 1701 590 —
1727 550 1966 605 Veniam
1994 554 2070 607 ad
2097 560 2166 608 te.

738 633 877 704 Ary.
917 632 1224 689 Arcessitus
1251 634 1320 690 ab
1345 652 1411 690 eo
1437 637 1709 708 promittit
1736 656 1794 693 se
1815 641 2048 696 crastino
2062 643 2340 699 aditurum
2359 663 2486 700 eum

696 759 697 762 η
806 739 999 778 visum.

1265 892 1473 955 LIBER
1518 896 1633 957 Vll.

418 1081 518 1153 Ep.
591 1080 646 1134 1.
687 1080 954 1136 Binum-o
981 1081 1364 1138 Sunuonnssi.
1386 1114 1456 1124 —
1477 1084 1642 1140 Inter
1668 1087 2007 1158 multifidas.

736 1170 878 1242 Arq.
917 1170 1094 1242 Regni
1128 1170 1469 1244 Neapolitani
1508 1174 1878 1231 conditionem
1915 1183 1969 1232 et
1996 1179 2329 1235 calamitates
2366 1188 2487 1252 post

806 1259 971 1331 Regis
997 1261 1200 1317 caedem
1226 1262 1543 1334 ingruentes
1570 1265 1882 1336 miseratus,
1903 1267 2031 1322 inde
2060 1268 2256 1339 pedem
2282 1271 2486 1325 referre

805 1351 999 1406 suadet
1025 1353 1263 1408 amicum
1280 1395 1295 1422 ‚
1324 1336 1484 1425 eitfue
1511 1355 1814 1428 hospitium
1842 1356 2140 1412 liberaliter
2166 1359 2359 1414 defert.

420 1440 520 1512 ΕΡ.
592 1439 647 1495 2.
687 1440 775 1495 An
801 1454 1075 1496 umorum.
1097 1471 1168 1481 —
1186 1441 1320 1496 Noli
1347 1445 1589 1497 obsecro.

728 1519 877 1602 Ἀνρ.
918 1530 997 1585 De
1033 1535 1205 1585 status
1240 1531 1575 1601 humilitate,
1607 1533 1784 1605 deque
1821 1535 2139 1592 admiranda
2168 1537 2487 1595 Christianae

806 1619 958 1674 Fidei
984 1621 1392 1692 propagatione.
1568 1688 1572 1692 ‚

418 1708 519 1781 Ep.
592 1709 644 1764 3.
685 1709 951 1765 Socnarl.
971 1741 1044 1751 —
1060 1711 1358 1764 Hesternae
1381 1712 1583 1766 noctis.

737 1800 877 1872 Ary.
917 1799 996 1854 De
1030 1799 1290 1854 thesauro
1327 1817 1495 1871 quem
1531 1819 1591 1856 se
1627 1803 1900 1857 invenisse
1935 1820 2035 1875 per
2070 1806 2347 1860 somnium
2384 1807 2487 1862 sibi

804 1890 952 1944 visus
978 1895 1060 1944 est
1084 1908 1095 1943 :
1126 1895 1181 1945 et
1206 1888 1274 1944 de
1301 1889 1617 1945 divitiarum
1645 1891 1889 1963 periculo
1917 1898 1971 1947 et
1996 1894 2275 1949 molestiis

418 1974 522 2047 Ep.
594 1975 649 2030 4.
690 1976 933 2032 1031111111
958 1978 1365 2033 Τευοᾼετιιικο.
1387 2008 1459 2019 -
1476 1978 1781 2033 petitionis
1809 1985 1942 2034 tuae.

736 2066 875 2137 Ary.
917 2065 1248 2121 Ordinandis
1276 2064 1552 2122 Ciceronis
1581 2068 1839 2140 operibus
1865 2069 2078 2138 annuit,
2100 2075 2155 2124 et
2177 2071 2487 2142 proximum

804 2156 889 2213 sui
914 2156 1153 2212 reditum
1178 2156 1236 2211 in
1266 2155 1478 2210 Italiam
1508 2158 1750 2212 nunciat.

415 2240 520 2313 ΕΡ.
595 2241 648 2296 5.
688 2241 879 2299 Lamo
906 2259 1031 2299 suc.
1054 2274 1126 2286 —
1143 2245 1328 2299 Multa
1352 2245 1619 2299 scribere.

734 2331 873 2404 Ary.
915 2332 984 2386 Se
1010 2332 1223 2387 Italiam
1251 2349 1440 2386 versus
1466 2332 1571 2386 iter
1597 2331 1885 2387 facientem
1917 2334 2050 2406 quid
2076 2332 2332 2389 Nicolaus
2351 2334 2486 2389 Lau-

806 2420 964 2475 rentii
989 2421 1048 2476 in
1076 2420 1212 2477 urbe
1240 2422 1466 2492 gesserit
1500 2438 1612 2476 non
1650 2422 1766 2476 sine
1804 2437 2002 2492 magna
2036 2422 2204 2477 animi
2231 2424 2486 2478 moestitia

809 2509 1099 2564 audivisse.

419 2597 523 2670 ΕΡ.
595 2598 650 2654 6.
691 2598 959 2653 Souna-1⁸1.
980 2629 1051 2638 —
1069 2598 1329 2653 Summoe
1357 2586 1592 2668 q'uidem
1617 2614 1838 2653 rerum.

736 2689 875 2760 Ary.
916 2686 1285 2742 Mediocritate
1321 2691 1494 2743 status
1538 2686 1626 2743 sui
1664 2693 1981 2744 contentum
2025 2706 2126 2745 nec
2171 2690 2383 2746 divitias
2427 2709 2486 2747 se

809 2777 1016 2832 ambire
1044 2793 1145 2831 nec
1170 2776 1425 2831 honores.

416 2865 516 2937 Ep.
592 2866 645 2921 7.
685 2865 936 2921 N1como
964 2865 1282 2921 munem-11
1309 2867 1571 2923 Tmntmo
1599 2868 1737 2923 Por.
1767 2868 1919 2923 Rom.
1941 2897 2013 2908 —
2031 2867 2238 2922 Fecisti
2275 2871 2478 2940 fateor.

730 2955 870 3027 Ary.
912 2953 1069 3020 Quod
1114 2961 1303 3011 contra
1345 2973 1501 3028 spem
1555 2956 1826 3012 bonorum
1881 2956 2128 3012 omnium
2171 2962 2483 3028 susceptam

801 3042 1194 3116 rempublicam
1220 3044 1361 3099 male
1388 3044 1735 3099 administret
1760 3043 1996 3114 graviter
2021 3041 2289 3113 obiurgat.

417 3133 519 3206 Ep.
595 3134 651 3189 8.
693 3133 936 3188 1011Α11111
965 3133 1247 3188 Ammo.
1268 3163 1340 3174 —
1356 3133 1569 3188 Omnia
1594 3138 1804 3205 optato.

738 3223 881 3295 Ary.
925 3222 1244 3278 Gratulatur
1267 3221 1336 3276 de
1363 3222 1506 3278 bono
1535 3228 1752 3277 eventu.

414 3308 516 3380 Ep.
589 3309 645 3365 9.
685 3310 770 3364 An
796 3322 1069 3365 11111οτ1111.
1091 3339 1162 3350 -
1179 3309 1417 3380 Ayreste
1438 3310 1829 3380 proverbium.

733 3399 873 3470 Arq.
915 3398 1014 3453 Cui
1051 3399 1358 3455 satisfacere
1395 3400 1605 3455 nescias
1641 3416 1862 3472 operam
1900 3400 2217 3472 impendere
2254 3401 2484 3456 stultum

803 3506 938 3544 esse.

416 3575 518 3648 Ep.
559 3576 649 3632 10.
690 3575 930 3632 Ionmm
959 3578 1271 3632 Ascmsso.
1293 3607 1363 3618 —
1382 3577 1619 3633 Litterae
1648 3583 1763 3633 tuoe
1785 3579 1998 3649 plenoe.

732 3667 873 3739 Ary.
916 3665 1028 3721 Cur
1050 3666 1108 3721 in
1137 3666 1369 3722 Galliam
1396 3667 1726 3740 Cisalpinam
1753 3668 1934 3740 potius
1960 3683 2127 3739 quam
2147 3666 2481 3723 Florentiam

805 3774 862 3811 se
888 3757 1197 3812 contulerit.

407 3844 513 3916 Ep.
556 3843 647 3898 11.
688 3843 930 3900 lomi-{m
954 3846 1266 3901 Aucmsso.
1288 3876 1356 3887 —
1383 3847 1557 3902 Credi
1581 3863 1701 3902 non
1719 3852 1928 3919 posset.

734 3933 875 4004 Ary.
913 3933 1184 3990 Francisci
1238 3935 1627 4007 consanguinei
1679 3936 1768 3992 sui
1822 3936 2133 4009 proximum
2187 3936 2481 3993 adventum

804 4039 970 4092 quam
997 4023 1275 4079 laetissime
1303 4025 1546 4080 nunciat.

400 4110 510 4183 Ep.
555 4108 648 4163 12.
690 4108 930 4166 1011111111
957 4112 1268 4170 Ancmsso.
1290 4144 1362 4156 —
1379 4115 1508 4169 Heu
1535 4116 1678 4186 quid
1705 4118 1808 4171 hoc
1836 4123 1932 4172 est.

734 4199 875 4270 Ary.
915 4199 1175 4273 Deplorat
1201 4207 1434 4259 mortem
1460 4203 1733 4259 Francisci
1760 4207 2145 4277 consanguinei
2172 4210 2275 4264 sui.
