3104 4805
906 320 1090 370 usssn
1133 321 1561 370 summus—
1587 321 1891 370 Epls‘roLA
1934 323 2035 372 vu.
2442 309 2557 369 373

408 491 695 564 operum
740 469 1109 539 'consultor
1161 463 1481 560 Spiritus,
1538 487 1693 535 cum
1745 487 1883 557 quo
1932 465 2210 538 assidue
2260 469 2555 561 colloqui

405 591 803 686 putabaris?
836 592 1074 684 Neque
1108 588 1291 659 enim
1328 587 1521 660 aliter
1558 589 1717 659 talIa
1753 587 1903 658 fieri
1939 610 2142 683 posse
2179 614 2299 683 per
2333 592 2554 663 homi-

405 738 561 786 nem
605 713 1037 787 videbantur.
1083 711 1263 797 Quid
1304 723 1536 783 autem
1579 712 1951 804 torqueor?
2002 709 2202 781 Ibunt
2255 734 2366 784 res
2417 739 2555 808 qua

405 839 819 932 sempiterna
870 839 982 909 lex
1027 837 1306 909 statuit:
1349 846 1620 908 mutare
1685 835 1819 907 ista
1884 857 2021 906 non
2088 859 2400 929 possum,
2452 842 2557 910 fu-

404 984 571 1054 gere
611 984 919 1055 possum.
963 962 1203 1053 ltaque
1243 983 1379 1032 non
1413 982 1658 1052 parum
1695 958 1862 1029 mihi
1900 958 2165 1050 negocii
2208 959 2552 1032 remisisti.

399 1084 509 1158 Ad
552 1093 621 1156 te
658 1084 890 1155 animo
930 1081 1410 1176 properabam.
1448 1083 1678 1154 Flecto
1722 1081 1892 1162 iter;
1932 1090 2225 1165 certete
2266 1084 2553 1154 alterum

399 1230 535 1280 non
603 1206 882 1280 videbo.
937 1207 1039 1276 Tu
1088 1228 1366 1299 quoque
1431 1209 1713 1299 longum
1778 1211 1962 1290 vale,
2012 1208 2252 1291 Roma,
2309 1205 2366 1276 si
2410 1205 2558 1276 haec

402 1354 571 1403 vera
623 1340 806 1402 sunt.
856 1331 1063 1402 Indos
1129 1352 1261 1423 ego
1326 1331 1556 1424 potius
1624 1341 1743 1403 aut
1808 1332 2261 1404 Garamantas
2301 1342 2551 1425 petam.

397 1458 660 1527 Suntne
718 1464 952 1527 autem
1022 1477 1190 1527 vera
1256 1454 1452 1526 baec‘?
1499 1455 1555 1525 Ο
1610 1457 1900 1526 multum
1965 1455 2296 1550 principio
2347 1453 2556 1525 dissi-

397 1578 625 1649 milem
670 1578 914 1651 finem!
964 1582 1054 1650 Et
1091 1603 1133 1652 o
1176 1579 1460 1651 nimium
1504 1580 1832 1651 delicatas
1892 1600 2098 1649 aures
2142 1580 2372 1649 meas!
2422 1576 2554 1649 As-

397 1712 769 1771 sueverant
808 1702 1196 1794 magnificis
1239 1701 1674 1784 rumoribus;
1711 1702 1849 1797 pati
1885 1700 2012 1771 ista
2057 1723 2190 1772 non
2233 1712 2547 1794 possunt.

393 1825 529 1895 Sed
581 1833 651 1894 ct
701 1835 994 1918 possunt
1057 1827 1227 1898 falsa
1287 1846 1448 1896 esse
1512 1845 1675 1918 quae
1734 1826 1995 1917 loquor.
2050 1824 2136 1894 Et
2193 1826 2363 1895 falsa
2415 1824 2553 1894 sint

396 1946 684 2020 utinam!
739 1948 1105 2039 Nunquam
1153 1946 1477 2018 libentius
1531 1945 1931 2019 erraverim.
1970 1947 2220 2038 Magna
2270 1946 2547 2039 quidem

390 2070 574 2163 apud
635 2091 743 2139 me
795 2079 903 2139 est
956 2067 1323 2141 scribentis
1371 2069 1786 2152 auctorita33
1844 2069 1970 2140 sed
2021 2068 2320 2161 cognitae
2380 2068 2545 2138 mihi

391 2192 624 2265 multis
648 2191 938 2275 indiciis,
978 2211 1342 2283 generosae
1381 2191 1630 2277 dicam,
1670 2213 1758 2262 an
1794 2191 2141 2276 animosae,
2182 2191 2543 2264 cuiusdam

387 2315 668 2387 invidiae
734 2337 871 2386 non
937 2336 1154 2409 parva
1220 2308 1546 2408 suspicio.
1616 2315 1832 2407 Igitur
1894 2315 2026 2387 etsi
2091 2317 2291 2411 plura
2353 2314 2541 2409 loqui

384 2441 581 2514 dolor
619 2439 938 2534 imperet,
983 2439 1268 2511 frenabo
1311 2447 1536 2510 tamen
1581 2438 1953 2532 impetum:
2014 2439 2203 2533 quod
2237 2440 2542 2534 profecto

382 2584 521 2634 non
572 2584 877 2656 possem,
935 2562 1066 2634 nisi
1125 2562 1285 2657 quia
1341 2561 1846 2634 solicitudinem
1899 2584 2123 2634 meam
2174 2561 2542 2632 increduli-

385 2695 522 2756 tate
587 2689 922 2759 consolor.
977 2686 1321 2759 Secundet
1385 2686 1536 2757 haec
1599 2687 1787 2757 Deus
1854 2694 1925 2756 et
1987 2683 2250 2755 laetiora
2300 2683 2532 2766 faciat,

379 2833 589 2902 quam
650 2819 1058 2882 narrantur:
1102 2808 1471 2903 potiusque
1523 2830 1635 2879 me
1698 2806 2078 2879 amicorum
2131 2807 2303 2878 alter
2343 2829 2538 2878 men-

376 2931 600 3018 dacio,
644 2955 854 3027 quam
896 2932 1247 3026 impietate
1305 2933 1478 3004 alter
1526 2932 1927 3024 flagitioque
1980 2932 2254 3003 laeserit.
2310 2930 2538 3024 Siqui-

373 3058 534 3131 dem
576 3056 1079 3129 consuetudine
1118 3055 1422 3149 pessima
1472 3053 1790 3126 effectum
1831 3064 1941 3124 est
1983 3064 2059 3125 ut
2096 3053 2533 3124 mendacium

374 3180 510 3251 iam
557 3180 1036 3272 quotidianum
1077 3189 1148 3248 et
1192 3179 1487 3268 vulgare
1528 3187 1881 3269 peccatum
1939 3176 2048 3247 sit.
2102 3174 2531 3246 Proditorem
2626 3188 2638 3203 ·

377 3301 621 3392 patriae
685 3299 939 3372 nullius
1006 3299 1142 3369 aevi
1201 3299 1501 3382 licentia,
1572 3301 1760 3370 nulla
1822 3298 2277 3374 consuetudo,
2346 3299 2531 3369 nulla

374 3421 654 3492 libertas
695 3422 1056 3493 criminum
1110 3430 1425 3491 excusat.
1473 3419 1709 3490 Potius
1742 3442 1930 3511 -ergo
1981 3418 2089 3490 ille
2140 3417 2530 3490 mentiendo

373 3565 628 3637 paucos
671 3541 839 3614 mihi
880 3551 1170 3614 moestos
1204 3541 1382 3624 dieS‚
1426 3564 1638 3634 quam
1683 3554 1753 3613 tu
1804 3543 2096 3636 patriam
2141 3542 2529 3614 deserendo

371 3676 693 3738 moestam
736 3686 1008 3737 omnem
1047 3664 1260 3734 vitam
1301 3665 1571 3735 feceris.
1609 3657 1748 3751 Ille,
1796 3666 1851 3736 si
1893 3666 2061 3760 quid
2102 3665 2320 3737 verbo
2358 3665 2528 3737 deli-

367 3788 625 3881 querit,
663 3786 885 3860 verbo
917 3785 1346 3882 purgabitur.
1388 3787 1610 3858 Tuum
1655 3788 1734 3872 si,
1785 3789 1973 3884 quod
2013 3788 2247 3860 fictum
2294 3789 2518 3883 cupio,

367 3933 614 3982 verum
659 3913 888 3982 scelus
929 3921 1078 3996 est,
1125 3910 1379 4004 quibus
1423 3934 1729 4005 unquam
1768 3912 2057 4008 piaculis
2106 3910 2519 3984 abolendum

367 4039 653 4128 speres?
679 4036 1068 4107 immortale
1106 4034 1322 4107 decus
1348 4045 1479 4119 est,
1511 4035 1914 4108 immortalis
1941 4036 2238 4109 infamia.
2262 4037 2519 4121 Quam-

361 4158 601 4229 obrem
645 4159 727 4243 si,
789 4160 976 4253 quod
1043 4157 1307 4252 opinari
1373 4181 1669 4253 nequeo,
1720 4170 1902 4234 tuam
1947 4165 2236 4235 fortasse
2305 4162 2517 4253 negli-
