3104 4805
894 379 1073 425 LIBER
1121 378 1404 425 TERTIUS.
1428 397 1506 408 --
1530 378 1829 425 EPISTOLA
1876 380 1955 425 xi.
2384 368 2497 427 163

1178 614 1528 678 EPISTULA
1574 615 1662 678 XI.

438 790 537 838 ra.
577 787 914 836 rss'rnARcA
949 788 1210 836 cumom
1245 787 1555 835 commoni:
1591 786 1870 836 murm:
1904 787 2146 836 nomino
2181 788 2233 837 S.
2268 790 2321 839 r.
2360 791 2418 837 n.

803 940 1109 994 Hominum
1138 940 1476 994 conditiones
1505 940 1555 993 vi
1584 939 1789 994 amoris
1817 940 2041 1012 aequari.

543 1140 794 1230 Magna
834 1158 1122 1231 prorsus
1175 1136 1432 1208 amoris
1485 1146 1558 1206 et
1608 1136 1782 1207 mira
1833 1137 2138 1229 potentia
2190 1148 2329 1222 est,
2384 1140 2503 1231 qui

349 1276 484 1336 tam
511 1261 744 1334 valide
772 1272 1052 1353 tamque
1079 1261 1406 1332 tenaciter
1431 1258 1758 1330 invisibili
1785 1257 2097 1352 quidem,
2131 1260 2253 1332 sed
2281 1261 2504 1332 haud-

346 1409 693 1481 quaquam
736 1383 1123 1456 insensibili
1163 1405 1355 1456 nexu
1404 1383 1685 1455 minima
1732 1383 1942 1456 nectit
1994 1384 2378 1469 immensiS,
2433 1396 2504 1456 et

346 1531 639 1602 quorum
680 1508 869 1578 nulla
903 1505 1189 1600 paritas,
1231 1506 1379 1600 pari
1420 1505 1599 1596 regit
1632 1505 1940 1600 imperio.
1980 1506 2233 1592 Quidni
2268 1517 2500 1578 autem

347 1633 475 1704 hoc
514 1631 686 1702 iuris
734 1630 992 1734 habeat
1021 1630 1102 1699 ‘in
1145 1629 1393 1700 animis
1433 1629 1818 1713 hominum,
1865 1651 2080 1700 sensu
2121 1640 2194 1700 et
2239 1630 2501 1702 ratione

350 1755 773 1848 vigentibuS,
819 1755 937 1849 qui
979 1753 1185 1825 certis
1225 1751 1606 1825 foederibus
1645 1754 1857 1824 surda
1889 1764 1961 1825 et
1998 1753 2296 1827 adversa
2322 1756 2496 1828 invi-

345 1901 493 1951 cem
535 1881 870 1951 elementa
909 1876 1377 1969 conglutinat?
1416 1877 1568 1946 Non
1602 1875 1900 1947 flammis
1942 1898 2092 1962 aer,
2137 1900 2277 1949 non
2313 1889 2499 1952 terra

345 2002 666 2073 fluctibus
706 2002 1031 2085 haereret,
1076 2021 1213 2072 non
1255 2001 1438 2093 ripas
1474 1999 1781 2083 flumina,
1813 2020 1949 2070 non
1991 2021 2236 2094 aequor
2260 2001 2492 2087 litora,

344 2147 479 2195 non
531 2125 814 2197 semitas
859 2146 1024 2196 suas
1073 2133 1260 2195 astra
1303 2132 1831 2214 cognoscerent,
1878 2122 2012 2193 nisi
2061 2124 2496 2219 omnipotens

345 2260 413 2319 et
467 2249 577 2341 (ut
624 2271 788 2319 eum
839 2247 1124 2340 vocant)
1172 2269 1369 2318 sacer
1407 2243 1597 2315 orbis
1638 2266 1834 2316 amor
1877 2233 2206 2317 universa
2243 2269 2498 2331 ,conne-

344 2381 578 2443 cteret.
615 2370 747 2455 Qui
774 2372 1026 2442 coelum
1062 2368 1272 2463 igitur
1297 2390 1378 2441 ac
1406 2377 1629 2442 terras
1664 2390 1870 2463 aequo
1895 2369 2044 2442 iure
2072 2368 2492 2456 moderatur,

349 2493 408 2564 is
451 2493 628 2564 inter
659 2492 1108 2565 humilitatem
1153 2516 1374 2565 meam
1417 2502 1487 2563 et
1530 2504 1717 2564 tuam
1754 2493 2182 2565 altitudinem
2217 2516 2354 2565 non
2390 2493 2496 2565 di-

351 2616 625 2688 scernit.
668 2616 889 2688 Habet
934 2617 1066 2688 hoc
1118 2617 1229 2687 ille
1273 2615 1729 2710 praecipuum:
1772 2637 2053 2708 aequare
2096 2616 2289 2688 novit
2330 2619 2499 2688 inae—

349 2739 601 2833 qualia,
660 2750 1147 2835 amantemque
1197 2739 1495 2812 fideliter
1547 2740 1669 2811 vix
1739 2739 1998 2835 patitur
2060 2763 2198 2812 non
2258 2742 2496 2813 amari.

350 2863 577 2934 Sensit
609 2863 772 2934 olim
817 2863 1095 2935 claritas
1139 2872 1272 2948 tua,
1311 2863 1518 2934 nullis
1554 2862 1833 2957 quidem
1870 2884 2182 2933 meorum
2217 2872 2497 2935 actuum

349 2987 804 3078 argumentis,
847 2988 973 3059 sed
1016 2990 1164 3059 solo
1218 2988 1325 3083 (ut
1372 2987 1506 3059 dici
1575 2986 1783 3081 solet)
1853 2986 2105 3057 mentis
2168 2985 2494 3078 auguri0,

352 3110 640 3203 (habent
665 3111 850 3183 enim
893 3123 964 3182 et
999 3132 1164 3183 suos
1206 3114 1442 3184 oculos
1476 3110 1712 3196 animi,
1750 3110 2007 3205 quibus
2041 3131 2205 3183 sese
2236 3119 2495 3195 mutu0,

350 3237 694 3328 superatis
730 3235 1082 3329 corporeis
1114 3234 1600 3321 velaminibus,
1630 3233 2041 3330 intuentur);
2072 3233 2367 3320 sensisti,
2397 3233 2502 3303 in-

350 3380 574 3450 quam,
604 3359 714 3430 vir
745 3358 1159 3445 clarissime,
1199 3380 1522 3451 quaenam
1554 3378 1724 3449 erga
1764 3367 1961 3429 tuum
2000 3379 2251 3430 nomen
2284 3357 2502 3427 devo-

353 3481 443 3551 tio
477 3504 629 3554 mea
672 3487 779 3555 sit.
833 3485 920 3555 Ut
958 3484 1214 3554 amanti
1253 3483 1479 3555 vicem
1547 3484 1838 3565 referaS,
1907 3501 2101 3551 amor
2164 3478 2369 3569 cogit.
2423 3476 2502 3547 Id

347 3627 499 3676 cum
539 3627 728 3700 saepe
763 3606 998 3678 multis
1028 3605 1320 3691 indiciis,
1351 3617 1494 3677 tum
1536 3626 1632 3674 ex
1671 3602 1948 3675 duabus
1982 3624 2204 3696 nuper
2243 3600 2502 3693 episto-

348 3728 430 3798 lis
473 3729 638 3815 tuis,
683 3752 862 3823 quas
904 3730 1072 3801 mihi
1108 3730 1453 3801 Iohannes
1493 3725 1821 3797 Aretinus
1860 3723 2308 3798 cancellarius
2340 3732 2500 3793 tuus

347 3851 671 3938 ostendit,
750 3854 1252 3926 iucundissime
1313 3850 1707 3944 recognovi.
1759 3851 1836 3920 In
1894 3847 2175 3943 quibus,
2246 3847 2499 3918 mirum

345 3971 549 4058 dictu,
593 3995 751 4045 cum
798 3997 923 4068 pro
973 3985 1072 4046 tot
1125 3975 1312 4046 illum
1358 3977 1707 4068 tantisque
1749 3972 1959 4045 rebus
2012 3969 2149 4041 huc
2195 3968 2494 4053 miseriS,

343 4117 480 4165 non
522 4099 611 4169 de
654 4099 989 4170 Romanae
1031 4098 1259 4170 Curiae
1294 4108 1503 4185 statu,
1539 4120 1681 4191 quo
1720 4097 1889 4168 nihil
1925 4096 2055 4166 hac
2090 4100 2499 4187 tempestate

345 4218 748 4306 deformius,
793 4221 960 4291 nihil
996 4221 1489 4307 incredibilius3
1524 4243 1664 4293 non
1704 4220 1791 4293 de
1831 4219 2169 4291 maiorum
2203 4215 2498 4287 fortunis
