3104 4805
651 377 841 425 XXXIV
1480 377 2010 429 PROLEGOMENON.

952 624 1177 678 INITIA
1239 622 1718 681 LITTERARUM

757 746 1205 787 spensam-mo
1269 746 1501 787 onoma
1565 747 1903 791 mseomn

1150 866 1233 914 ET
1275 865 1518 915 NOMINA

786 964 963 1006 uonna
995 966 1060 1005 An
1094 964 1225 1013 Quos
1257 965 1497 1004 ura-snas
1529 965 1695 1006 nussam
1728 966 1877 1007 sum.

2454 654 2624 703 oliuo
2668 653 3045 703 EPISToLAm

2371 798 2376 800 ,
2393 768 3045 810 ‚ff-——q

2542 881 2796 920 VENRTA

2564 954 2653 983 aum
2677 946 2779 985 050³.

488 1174 669 1228 Beasti
695 1189 785 1227 me
811 1189 1041 1227 munere
1067 1188 1125 1225 m
1234 1170 1374 1224 ifico,
1429 1212 2203 1230 ..............
2258 1118 2264 1224 ἰ

619 1269 623 1273 -
690 1242 759 1286 Ad
787 1242 1036 1287 Iohannem
1063 1240 1121 1284 de
1188 1239 1381 1285 ertaldo.
2257 1230 2263 1365 Ι

487 1325 636 1379 Bene
661 1323 826 1377 habet
852 1340 964 1377 non
992 1339 1227 1393 semper.
1310 1361 2205 1380 ................

685 1393 755 1437 Ad
784 1392 1037 1437 Luchlnum
1063 1392 1121 1436 de
1152 1393 1335 1436 verme.
2255 1372 2262 1495 Ι

488 1474 636 1530 Bene
663 1473 801 1528 mihi
828 1473 1023 1527 accidit
1050 1472 1199 1543 quod
1206 1512 2201 1531 ..................
2255 1500 2260 1539 ,ι

684 1543 755 1588 Ad
781 1542 1151 1588 Beninteudium.
2255 1552 2258 1571 ι

486 1625 702 1680 Bonum
731 1640 927 1679 censeo
953 1623 1001 1677 si
1028 1622 1147 1678 fieri
1173 1621 1361 1694 possit.
1429 1665 2200 1682 ..............
2253 1604 2259 1739 1
2533 1629 2588 1683 S.
2631 1629 2702 1683 II.
2743 1631 2797 1683 5.

673 1694 740 1738 Ad
771 1692 976 1739 Laelium.

2529 1329 2586 1383 S.
2627 1328 2719 1382 IV.
2761 1329 2815 1383 2.

2535 1479 2663 1532 Var.
2704 1479 2794 1533 14.

1319 1886 1359 1947 c
2255 1836 2260 1939 Ι

492 2077 767 2131 Caesareos
795 2078 975 2148 apices
1003 2077 1243 2130 triennio
1268 2076 1442 2130 fere..
1490 2117 1501 2128 .
1548 2118 1560 2128 .
1609 2119 1618 2129 .
1667 2120 1678 2130 .
1727 2120 1737 2130 .
1784 2121 1794 2132 .
1842 2121 1852 2131 .
1901 2122 1910 2133 .
1959 2120 2028 2135 ...
2076 2123 2086 2135 .
2134 2123 2144 2134 .
2192 2122 2204 2133 .
2255 2067 2262 2187 ι

684 2145 753 2190 Ad
780 2144 999 2192 Carolum
1024 2146 1084 2190 IV
1114 2146 1464 2201 Imperatorem.

491 2227 786 2281 Coenabam
810 2226 951 2282 forte
977 2227 1121 2298 apud
1151 2226 1580 2281 sanctissimum.
1609 2269 1621 2280 .
1666 2269 1679 2281 .
1726 2270 1738 2281 .
1781 2271 1792 2282 .
1842 2269 1853 2280 .
1901 2273 1911 2282 .
1960 2272 1972 2283 .
2017 2273 2028 2283 .
2077 2274 2088 2284 .
2135 2272 2145 2283 .
2190 2269 2206 2285 .
2258 2242 2262 2278 f
2311 2276 3034 2295 .............

687 2296 756 2340 Ad
782 2296 1035 2342 Get-ardum
1061 2296 1248 2341 fratrem
1277 2295 1549 2341 monachum
1578 2295 1732 2342 Carth.
2257 2304 2262 2333 ³

491 2377 654 2433 Canis
678 2382 808 2433 tuus
833 2377 953 2448 pice
979 2377 1190 2448 nigrior
1195 2418 2203 2436 ..................
2256 2407 2262 2506 Ι

683 2448 750 2491 Ad
779 2447 1042 2492 Matthaeum
1076 2447 1277 2503 Longum
1309 2448 1679 2504 pergamensem.

491 2527 725 2582 Carmen
752 2544 782 2581 e
822 2528 1033 2596 regium
1062 2544 1163 2581 nec
1190 2529 1547 2599 responsione
1555 2570 2204 2587 ............
2254 2536 2263 2586 i
2311 2576 3034 2597 .............

685 2596 754 2640 Ad
823 2596 1045 2641 hecchum
1073 2596 1449 2643 Foroliviensem.
2249 2605 2262 2662 j

490 2676 723 2732 Carmen
750 2677 1033 2792 effiregium
1062 2679 1210 2749 quod
1236 2679 1487 2735 misistis.
1548 2721 2202 2737 ............
2256 2665 2262 2724 ¹
2311 2729 3035 2749 .............

686 2746 753 2790 Ad
828 2747 998 2792 odium.
2256 2733 2261 2808 l

491 2827 664 2883 Casus
691 2833 908 2884 nostros
935 2829 1083 2883 scisti
1109 2845 1220 2885 non
1248 2829 1438 2883 dubito
1446 2872 2203 2888 ..............
2256 2817 2261 2898 Ι
2524 2841 2580 2895 S.
2623 2838 2721 2894 ΙΙΙ.
2762 2840 2817 2895 2.

683 2898 753 2943 Ad
782 2899 1027 2943 Iohannem
1055 2898 1112 2942 de
1143 2898 1376 2944 Certaldo.
2254 2919 2261 3154 l

2313 2427 3033 2447 ·············

490 2978 678 3034 Cicero
705 2985 835 3035 tuus
940 2979 1242 3036 adriennio.
1316 3023 2203 3038 ................

687 3050 757 3095 Ad
788 3052 889 3094 laco
924 3062 1001 3095 um
1031 3050 1362 3096 Florentinum.

488 3126 635 3184 Clari
660 3131 831 3184 animi
857 3132 1070 3184 clarum
1096 3147 1303 3186 munus
1310 3173 2203 3190 ................
2255 3164 2261 3194 ι
2537 3140 2664 3194 Var.
2704 3141 2794 3197 22.

686 3200 753 3244 Ad
782 3200 1021 3244 Nicolaum
1052 3200 1274 3256 Sigerum.
2255 3213 2260 3230 ·

491 3278 712 3334 Clarum
737 3279 856 3334 fieri
883 3279 1009 3333 stilo
1034 3280 1294 3394 ImgeraS.
1365 3323 2204 3341 ...............
2255 3258 2262 3534 g

680 3350 750 3393 Aa
779 3348 1084 3394 Talarandum
1151 3350 1248 3394 ard.
1280 3351 1557 3406 Episcopum
1587 3352 1809 3399 Albanen.

489 3428 761 3483 Claudum
786 3446 1184 3502 usquequaque
1211 3432 1562 3486 mendacium
1569 3474 2204 3492 ............

687 3499 754 3543 Ad
782 3497 999 3545 Carolum
1027 3500 1087 3543 lv
1118 3499 1460 3557 Imperatorem.

682 3650 752 3694 Ad
780 3651 1095 3707 pandulphum
1124 3650 1379 3697 Malatesta.

393 3433 399 3681 Ι
491 3579 729 3636 Colende
755 3587 881 3635 ante
908 3581 1061 3636 alios.
1134 3622 2205 3642 ...................
2256 3539 2262 3790 1

489 3728 726 3784 Colende
753 3749 869 3786 sem
908 3750 970 3788 er
996 3738 1160 3805 atque
1187 3732 1544 3790 honorabilis.
1602 3779 1613 3789 .
1660 3779 1671 3790 .
1721 3778 1732 3790 .
1781 3779 1792 3790 .
1838 3780 1850 3790 .
1897 3781 1908 3791 .
1956 3781 1968 3792 .
2015 3781 2025 3792 .
2074 3781 2084 3792 .
2133 3782 2143 3793 .
2192 3782 2204 3794 .
2257 3793 2262 3826 :
2538 3742 2666 3797 Var.
2707 3742 2797 3796 15.

685 3800 755 3844 Ad
786 3800 879 3845 Ben
901 3803 1155 3848 utendium.

488 3877 808 3933 Communis
834 3883 1042 3938 amicus
1068 3899 1139 3937 an
1166 3899 1314 3939 nunc
1320 3926 2204 3943 ................
2257 3869 2261 3878 ’
2312 3932 2324 3943 .
2368 3932 2379 3943 .
2427 3919 2474 3943 .·
2485 3930 3038 3948 ..........

686 3948 754 3992 Ad
783 3949 1077 3998 Franciscum
1107 3951 1184 3997 SS.
1215 3955 1558 4010 Apostolorum.
2254 3887 2262 4084 Ι

491 4024 781 4099 Compater
805 4034 861 4084 et
884 4032 1057 4087 amice
1082 4034 1286 4105 optime
1313 4037 1472 4091 lator.
1546 4078 3037 4106 ..........................

685 4097 755 4142 Ad
781 4098 966 4145 Petrum
999 4101 1348 4149 Bononiensem.
2255 4111 2258 4124 ²

492 4176 851 4249 congratuler
877 4196 947 4234 an
971 4198 1102 4236 vero
1128 4200 1249 4238 com
1290 4186 1428 4240 atiar
1432 4226 3035 4249 ...........................

689 4245 757 4293 Ad
785 4247 1046 4305 Philippum
1072 4251 1131 4298 de
1160 4254 1239 4298 vit
1280 4264 1376 4299 aco.
2250 4207 2259 4361 Ι
