3104 4805
929 368 1109 415 Lucan
1152 368 1905 417 SEPTIMUS.-—EP15T01,A
1954 372 2055 417 xn.
2449 361 2559 418 :387

411 525 589 582 terra
634 511 1014 582 viventium
1058 522 1376 606 expecto.
1420 514 1559 585 Sed
1600 536 1764 587 ecce
1805 538 1988 587 nunc
2019 520 2343 610 experior
2375 521 2567 611 quod

409 631 594 728 apud
658 634 947 706 Statium
1017 635 1194 728 legi:
1247 634 1433 705 dulce
1493 639 1673 727 loqui
1752 639 2026 707 miseris.
2092 640 2401 713 Profecto
2469 644 2570 715 sic

409 763 552 825 est:
620 779 825 849 quam
882 734 1090 827 multa
1144 758 1355 841 enim,
1409 781 1547 830 non
1618 758 1952 841 sentiens,
2017 758 2275 851 impetu
2344 765 2566 853 magis

410 896 617 965 quam
663 876 873 945 animi
915 876 1165 948 iudicio
1206 877 1520 949 dolenter
1571 878 1820 950 effudi!
1878 900 2007 948 nec
2057 881 2402 971 loquendo
2457 904 2566 954 sa-

414 994 565 1077 tior,
613 997 740 1067 sed
782 998 1148 1082 accendor,
1197 1020 1321 1069 nec
1358 999 1682 1072 desinere
1721 1001 2005 1093 quidem
2052 1000 2215 1071 scio.
2270 999 2570 1071 Abrum-

410 1138 564 1208 pam
609 1115 840 1205 igitur.
886 1118 1079 1189 Vale.

1229 1582 1578 1647 EPISTOLA
1617 1585 1750 1646 xul.

466 1791 852 1841 FRANCISCUS
893 1792 1226 1841 PETRARCA
1262 1793 1523 1842 ῘΟΗΛΝΝΙ
1559 1792 1873 1842 COLUMNAE
1912 1794 2253 1842 CARDINALI
2289 1796 2340 1841 S.
2380 1796 2431 1841 P.
2472 1796 2528 1841 1).

607 1966 982 2023 Consolatoria
1012 1968 1083 2024 ob
1113 1969 1318 2024 caedem
1353 1970 1811 2025 Columnensium
1846 1971 2040 2025 Romae
2072 1976 2372 2042 peractam.

610 2204 904 2275 Fatebor
965 2206 1295 2296 ingenue3
1362 2207 1495 2277 etsi
1545 2209 1728 2276 enim
1798 2203 2132 2281 solvendo
2200 2231 2334 2279 non
2392 2208 2520 2278 sim
2550 2263 2565 2292 ,

412 2326 613 2397 bonae
655 2325 816 2397 fidei
851 2325 1124 2397 debitor
1160 2349 1349 2412 sum;
1395 2328 1680 2415 fatebor,
1724 2330 1839 2401 tibi
1880 2353 1989 2402 me
2021 2330 2251 2402 omnia
2287 2328 2564 2412 debere,

410 2451 761 2541 ingenium
833 2451 1092 2522 scilicet
1155 2462 1225 2521 et
1274 2456 1760 2547 corpusculum
1816 2455 1973 2538 boc,
2026 2455 2215 2547 quod
2265 2453 2572 2546 peregri-

407 2595 540 2642 nus
583 2571 919 2656 inhabito,
963 2582 1035 2643 et
1077 2574 1134 2644 si
1187 2575 1355 2666 quid
1404 2587 1855 2647 externorum
1908 2575 2154 2667 obtigit
2204 2575 2564 2646 bonorum.

405 2694 647 2787 Neque
685 2694 866 2765 enim
910 2694 1139 2767 minus
1183 2698 1340 2768 aula
1383 2708 1498 2769 tua
1540 2696 1773 2769 animo
1815 2719 1974 2768 meo
2016 2697 2319 2780 contulit,
2358 2717 2575 2789 quam·

404 2815 688 2907 corpori,
718 2837 925 2907 quam
954 2818 1274 2890 fortunis.
1311 2818 1458 2888 Sub
1491 2828 1561 2889 te
1596 2819 1898 2891 nutritus
1934 2841 1973 2890 a
2008 2819 2366 2889 iuventute
2396 2839 2564 2900 mea,

407 2935 542 3007 sub
584 2945 648 3006 te
690 2949 938 3008 auctus
981 2948 1191 3032 atque
1230 2939 1546 3011 eruditus
1591 2962 1778 3024 sum,
1824 2951 2163 3029 quantum
2204 2940 2316 3009 vel
2360 2939 2570 3008 inter-

405 3059 827 3130 currentium
872 3081 1160 3131 casuum
1206 3061 1627 3152 malignitaS,
1665 3064 1781 3133 vel
1823 3061 2079 3152 ingenii
2121 3057 2568 3131 mediocritas

406 3200 611 3267 passa
638 3193 778 3262 est3
809 3195 884 3251 ut
911 3203 1002 3250 ex
1032 3181 1277 3251 merito
1306 3192 1561 3266 tenear,
1593 3192 1663 3253 et
1688 3182 1876 3252 hunc
1900 3184 2262 3262 calamum,
2292 3188 2363 3249 et
2392 3178 2568 3249 hanc

404 3300 789 3383 dexteram,
821 3310 892 3369 et
932 3301 1061 3372 hoc
1091 3303 1808 3393 quantulumcumque
1837 3311 1947 3371 est
1972 3300 2180 3372 animi
2222 3302 2450 3370 lumen
2479 3299 2569 3370 ad

403 3421 613 3488 animi
655 3420 752 3490 tui
796 3423 1104 3490 solamen
1133 3421 1711 3513 refrigeriumque
1741 3432 2172 3492 convertere.
2229 3420 2305 3491 ld
2345 3441 2457 3490 me
2496 3418 2564 3488 in

406 3540 556 3610 aliis
587 3539 787 3610 malis
815 3540 1071 3610 nostris
1101 3561 1224 3633 pro
1252 3540 1522 3612 viribus
1550 3540 1970 3613 observasse
1991 3542 2288 3625 memini,
2311 3563 2440 3611 nec
2470 3551 2561 3623 tu,

408 3683 585 3745 reor,
614 3661 870 3733 oblitus
898 3684 998 3732 es,
1030 3662 1106 3731 In
1141 3662 1272 3732 hoc
1308 3682 1478 3733 vero
1508 3671 1642 3734 tam
1673 3663 1899 3753 gravi,
1935 3640 2211 3756 tamque
2241 3663 2565 3735 intracta-

405 3781 521 3851 bili
548 3793 620 3852 et
654 3784 928 3854 funesto
959 3785 1270 3865 vulnere,
1310 3783 1499 3874 quod
1536 3784 1741 3855 nobis
1778 3785 2084 3856 nondum
2123 3786 2405 3857 fletibus
2439 3808 2566 3870 no-

411 3903 575 3973 stris
612 3903 857 3974 satiata
898 3925 1085 3974 mors
1129 3904 1388 3989 intulit,
1428 3905 1600 3997 quid
1635 3928 1947 3997 agerem,
1993 3908 2160 3999 quid
2199 3911 2558 4002 loquerer,

404 4026 516 4093 vel
559 4024 838 4096 omnino
878 4025 1047 4117 quid
1081 4025 1423 4097 hiscerem
1476 4050 1613 4099 non
1648 4029 1903 4099 inveni.
1943 4031 2182 4103 Corrui
2221 4033 2436 4102 miser
2470 4032 2560 4103 ad

403 4146 688 4238 primam
735 4148 829 4218 rei
884 4150 1162 4231 famam,
1199 4159 1268 4217 ct
1311 4151 1499 4220 velut
1535 4151 1896 4241 repentino
1935 4154 2237 4224 fulminis
2286 4157 2561 4242 fragore
