3104 4805
1103 379 1627 430 PROLEGonENoN.
2344 387 2450 435 xlx

300 538 471 585 verso
492 522 709 585 ordine
730 522 1075 601 dispositas,
1100 521 1361 599 integras
1385 529 1587 584 tamen
1615 522 1928 602 Crispinus
1954 524 2242 588 ediderat.
2271 525 2448 590 Litte-

297 644 502 692 rarum
534 645 690 691 vero
729 629 959 707 quibus
991 634 1263 691 constant
1296 627 1461 691 Libri
1494 628 1597 706 IX,
1632 629 1679 691 X
1714 636 1774 691 et
1795 628 1863 692 XI
1883 631 2249 710 exemplaria
2271 632 2447 696 nobis

295 733 616 811 quaerenda
642 734 896 795 luerunt
921 748 999 794 ex
1032 732 1291 797 Codicib.
1326 749 1511 812 supra
1543 734 1764 796 num.l
1798 740 1854 795 et
1888 735 1934 796 Π
1967 735 2308 813 designatis,
2336 736 2450 816 qui

297 843 353 903 in
383 842 756 904 Bibliotheca
787 841 1007 920 hnper.
1042 840 1364 904 Parisiensi
1398 847 1808 903 asservantur.
1846 840 1941 903 Sic
1985 842 2210 905 factum
2254 850 2343 906 est
2377 851 2447 906 ut

300 944 603 1023 integrum
636 946 726 1008 De
760 945 941 1007 rebus
971 944 1380 1022 familiaribus
1414 944 1728 1020 volumen,
1762 945 1925 1022 quod
1950 946 2213 1025 antiquis
2241 947 2302 1009 in
2326 949 2441 1011 edi·

294 1051 560 1114 tionibus
577 1050 810 1112 litteras
834 1050 1201 1113 tantum121
1229 1050 1758 1130 complectebatur,
1780 1050 1853 1114 ad
1873 1066 2051 1113 suam
2075 1053 2439 1131 primaevam

294 1156 703 1235 integritatem
744 1155 1099 1218 restitutum
1141 1156 1369 1219 litteras
1420 1155 1602 1218 hodie
1644 1155 1756 1217 347
1814 1156 2124 1233 exhibeat,
2180 1175 2446 1236 quarum

302 1262 406 1324 128
440 1270 617 1324 erant
642 1277 895 1340 prorsus
931 1260 1191 1325 ineditae.

446 1368 554 1431 His
586 1367 803 1429 Varias
830 1366 1242 1441 adiunximuS,
1278 1382 1429 1445 quas
1462 1365 1685 1428 scilicet
1717 1366 1830 1429 sub
1863 1366 1978 1429 hoc
2012 1367 2259 1429 nomine
2280 1375 2444 1431 vete-

295 1490 393 1536 res
423 1474 690 1536 editores
723 1472 785 1533 iu
816 1474 1019 1536 lucem
1049 1473 1361 1547 dederant,
1396 1470 1470 1535 iis
1505 1471 1645 1535 inde
1678 1472 1944 1551 expulsis
1979 1489 2118 1551 quae
2148 1474 2312 1536 inter
2338 1474 2442 1538 Fa·

294 1579 560 1642 miliar-es
590 1578 881 1657 primitus
913 1579 991 1641 ab
1031 1584 1277 1641 auctore
1317 1578 1609 1642 ordinata}
1651 1580 1780 1642 suis
1822 1579 1968 1643 locis
2008 1596 2042 1642 a
2084 1582 2259 1643 nobis
2299 1588 2443 1644 sunt

295 1686 615 1760 roetitutae,
643 1683 987 1762 eodemque
1028 1684 1353 1747 Vni-iarum
1379 1684 1627 1746 nomine
1660 1684 1955 1747 distinctae
1991 1700 2201 1749 omnes
2225 1687 2444 1751 litterae

293 1792 426 1853 aliae.
462 1806 623 1853 nunc
653 1790 932 1870 primum
962 1805 995 1851 a
1027 1789 1203 1851 nobis
1237 1791 1561 1867 vulgantur
1595 1805 1733 1866 quae
1766 1794 1938 1850 extra
1979 1788 2203 1852 librum
2244 1792 2440 1853 Fami-

294 1898 536 1960 liarium
568 1904 857 1975 vagantes
889 1896 1046 1957 iuter
1081 1896 1334 1958 ineditas
1367 1895 1686 1972 hucusque
1728 1893 2134 1956 delituerunt:
2178 1902 2441 1973 suntque

295 2005 385 2066 hae
416 2003 611 2067 Variae
642 2015 708 2065 n⁰
741 2005 821 2066 65
855 2018 1121 2081 quarum
1154 2002 1234 2065 35
1267 2000 1514 2064 antehac
1548 2000 1609 2061 in
1643 1999 2018 2063 bibliothecis
2050 1999 2439 2065 absconditae.

296 2110 360 2171 ln
393 2109 464 2170 iis
495 2115 697 2171 autem
734 2107 1146 2187 disponendis,
1183 2113 1279 2182 ut,
1316 2106 1737 2170 deficientibus
1779 2106 1878 2168 die
1919 2112 1977 2167 et
2017 2105 2298 2181 consule,
2333 2105 2437 2168 ali-

300 2213 434 2292 quis
460 2221 657 2276 tamen
686 2213 839 2275 ordo
865 2228 899 2273 a
925 2211 1100 2274 nobis
1124 2218 1506 2287 servaretur,
1543 2199 1716 2273 ill'um
1741 2211 1982 2289 sequuti
2011 2228 2227 2275 sumus
2253 2227 2442 2289 quem

299 2320 447 2381 ratio
480 2318 840 2399 alphabetica
873 2319 1207 2381 secundum
1240 2316 1410 2380 initia
1444 2318 1790 2381 litterarum
1830 2316 1891 2378 in
1931 2324 2215 2396 promptu
2259 2317 2438 2380 nobis

299 2426 586 2488 exhibuit.

449 2530 611 2592 Nunc
652 2531 725 2595 de
765 2535 969 2591 textus
1011 2529 1265 2591 lectione
1318 2527 1506 2590 multa
1561 2529 1762 2591 forsan
1816 2527 2064 2593 dicenda
2116 2536 2318 2592 esseut
2370 2535 2437 2591 ut

296 2635 614 2698 lectoribus
642 2641 878 2715 pateret
912 2640 1210 2714 quantum
1244 2633 1464 2697 laboris
1489 2639 1547 2696 et
1575 2632 1888 2696 industriae
1915 2633 2067 2695 mihi
2093 2635 2438 2714 impensum

294 2739 449 2800 sitin
468 2739 814 2817 detegendis
833 2745 1014 2817 atque
1035 2740 1418 2803 emendandis
1435 2755 1631 2817 quum
1646 2746 1926 2802 veterum
1945 2740 2281 2804 editionum
2303 2747 2436 2802 tum

295 2852 351 2905 et
377 2845 659 2907 codicum
688 2861 722 2906 a
753 2845 980 2922 quibus
1006 2843 1273 2924 epistolae
1303 2844 1543 2907 ineditae
1581 2845 1953 2924 depromptae
1997 2852 2137 2908 sunt
2171 2862 2433 2908 numero

293 2964 475 3027 prope
532 2949 729 3011 dicam
782 2948 1066 3024 infinitiS,
1122 2947 1419 3010 intellectu
1473 2966 1634 3028 saepe
1686 2949 2050 3012 difficillimis
2096 2950 2431 3012 erroribus.

296 3053 405 3116 Nec
439 3070 541 3115 me
574 3054 726 3132 fugit
759 3055 938 3131 longo
970 3055 1162 3116 adhuc
1196 3054 1515 3117 intervallo
1542 3055 1864 3118 distantem
1888 3056 1963 3117 ab
1990 3071 2058 3117 ea
2085 3070 2271 3132 quam
2297 3053 2435 3116 iure

294 3159 551 3236 quisque
596 3160 860 3237 postulet
898 3158 1083 3220 huius
1140 3159 1423 3232 editionis
1473 3159 1914 3222 correctionem
1970 3158 2276 3222 inventam
2332 3158 2428 3223 iri.

297 3263 423 3334 Quo
465 3263 631 3325 enim
671 3264 994 3342 perfectius
1038 3281 1191 3343 opus
1233 3266 1514 3327 evaderet
1558 3265 1969 3328 necessarium
2014 3272 2144 3327 erat
2185 3266 2432 3329 omnino

300 3375 568 3430 textuum
595 3368 903 3431 editorum
937 3369 1410 3446 ineditorumve‚
1448 3386 1719 3448 quorum
1753 3372 1902 3434 mihi
1936 3374 2107 3452 copia
2142 3373 2292 3434 facta
2321 3379 2432 3448 est,

296 3488 432 3534 cum
464 3473 597 3535 aliis
629 3490 738 3553 per
771 3473 1044 3537 diversas
1084 3475 1343 3554 Europae
1384 3474 1769 3540 bibliothecas
1812 3477 2156 3540 extantibus
2195 3490 2431 3552 compa-

299 3579 589 3642 rationem
624 3581 945 3643 instituere
979 3588 1038 3642 et
1069 3581 1329 3644 alterum
1361 3583 1608 3646 alterius
1644 3599 1756 3662 ope
1793 3583 2103 3660 corrigere
2136 3588 2194 3643 et
2230 3596 2432 3641 emen-

297 3685 448 3748 dare.
494 3685 670 3758 Quod
712 3701 907 3763 quum
948 3702 1056 3763 ego
1096 3686 1305 3748 multis
1345 3688 1418 3750 de
1452 3688 1652 3751 causis
1684 3688 1977 3766 perficere
2013 3684 2430 3762 nequiverim,

296 3791 481 3854 satius
535 3793 682 3854 duxi
735 3791 1074 3855 curiositati
1127 3793 1510 3855 eruditorum
1565 3808 1682 3871 qua
1729 3792 1936 3854 datum
1990 3794 2146 3852 esset
2197 3789 2432 3853 ratione

294 3899 633 3973 consulere,
669 3912 855 3976 quam
890 3897 1003 3960 sub
1037 3896 1285 3959 obtentu
1330 3897 1669 3977 imperfecti
1703 3896 1906 3975 operis
1949 3894 2176 3959 vitandi
2223 3894 2429 3957 editio-

296 4020 428 4066 nem
459 4004 680 4066 harum
716 4001 1058 4065 litterarum
1093 4002 1317 4063 iterum
1352 4004 1424 4065 ad
1450 4003 1734 4065 Kalendas
1770 4016 1994 4079 graecas
2026 4002 2366 4063 amandare.

446 4107 515 4171 Ut
550 4125 702 4170 vero
736 4106 896 4168 facili
940 4106 1201 4185 quisque
1241 4108 1482 4184 negotio
1523 4106 1747 4170 uostris
1788 4113 1969 4184 queat
2011 4105 2293 4169 admissis
2335 4121 2428 4167 oc-

298 4227 564 4288 currere,
600 4212 866 4276 indicem
898 4211 1241 4274 litterarum
1274 4212 1552 4275 omnium
1586 4213 1681 4276 Fr.
1719 4212 2014 4276 Petrarcae
2048 4210 2188 4273 huic
2223 4210 2429 4289 praefa·
