3104 4805
868 411 1053 459 mam
1095 409 1807 461 rannus-emron
1850 415 1997 462 xxn.
2392 378 2499 464 191

357 582 592 634 escam
617 559 708 631 de
735 556 1037 653 scopulis
1073 557 1375 641 elicienS,
1415 568 1733 630 contactu
1768 581 1851 630 ac
1886 582 2201 632 sermone
2233 563 2304 632 in
2339 564 2510 634 ami-

358 684 591 756 citiam
633 679 1002 775 pellexisti.
1045 679 1274 751 Rediit
1310 680 1632 774 equidem
1677 680 1766 753 ad
1805 704 1917 753 me
1958 683 2069 753 sui
2108 683 2503 773 immemor,

359 808 459 879 tui
498 827 784 878 memor.
853 804 1027 875 Cum
1092 805 1308 875 multa
1358 803 1450 876 de
1513 802 1820 890 domino,
1873 809 2088 877 multa
2140 806 2230 879 de
2269 811 2509 883 amicis

357 943 778 1017 quaererem,
806 921 898 990 nil
927 918 1062 991 nisi
1087 919 1177 991 de
1202 920 1416 991 Laelio
1442 921 1938 1017 respondebat:
1976 922 2159 995 illius
2198 926 2505 1012 sormam,

361 1044 538 1116 illius
581 1063 840 1127 moreS,
884 1042 1066 1113 illius
1116 1042 1454 1133 linguam,
1509 1042 1690 1114 illius
1741 1043 2041 1137 denique
2087 1045 2509 1119 domicilium

361 1177 565 1260 atque
602 1163 916 1236 habitum
956 1162 1317 1236 admirari:
1352 1163 1543 1235 illum
1581 1163 1777 1249 mihi,
1816 1166 2017 1258 quasi
2052 1166 2507 1261 incognitum,

363 1288 705 1361 ruralibus
745 1299 817 1360 et
857 1287 1250 1380 terricrepis
1301 1286 1539 1358 verbis
1590 1290 1954 1373 extollere3
2004 1290 2095 1362 de
2143 1291 2258 1363 illo
2297 1292 2508 1377 mihi,

367 1433 556 1504 saepe
577 1412 736 1483 licet
752 1410 1297 1504 interrumpenti,
1314 1411 1763 1505 longissimas
1791 1415 2220 1486 narrationes
2249 1425 2508 1487 texere.

363 1537 674 1630 Cumque
714 1555 906 1629 saepe
949 1533 1432 1607 Terentianum
1483 1533 1652 1606 illud
1699 1535 2098 1608 obiicerem:
2165 1539 2286 1607 hui
2350 1540 2517 1609 mihi

360 1661 549 1730 illum
581 1656 848 1729 laudas?
886 1657 999 1730 ille
1038 1680 1125 1729 eo
1164 1658 1390 1749 magis
1423 1656 1515 1730 ab
1546 1659 1841 1732 exordio
1873 1669 2121 1732 cuncta
2166 1667 2510 1734 retexere.

363 1781 544 1867 Quid
574 1783 820 1877 plura?
858 1782 1175 1854 Intellexi
1214 1780 1421 1865 illice,
1466 1790 1535 1852 te
1580 1783 1716 1853 tuis
1756 1782 2024 1856 artibus
2067 1805 2301 1855 meum
2343 1784 2513 1854 mihi

321 1893 326 1904 ’
368 1904 662 1977 villicum
704 1903 1112 1976 abstulisse:
1154 1925 1286 1975 nec
1324 1903 1611 1989 indolui,
1656 1906 1896 1992 fateor,
1941 1927 2071 1977 nec
2102 1905 2352 1989 invidi;
2389 1905 2516 1978 sed

367 2026 691 2122 obstupui
735 2028 893 2120 plus
920 2037 987 2097 te
1011 2047 1146 2097 una
1188 2026 1389 2112 hora,
1425 2049 1633 2120 quam
1672 2050 1783 2100 me
1820 2037 1962 2100 toto
1995 2027 2346 2113 decennio,
2383 2049 2513 2123 po-

366 2151 600 2222 tuisse.
641 2149 891 2219 Mirum
915 2159 1041 2234 est,
1073 2150 1204 2221 nisi
1247 2162 1320 2222 tu
1370 2150 1730 2243 colloquiis
1792 2151 1933 2222 tuis
1991 2150 2253 2243 aliquid
2299 2150 2506 2223 etiam

362 2272 651 2365 magicae
692 2272 861 2344 artis
902 2273 1316 2345 immisceas,
1351 2274 1550 2346 Nunc
1590 2272 1799 2364 igitur
1838 2282 2084 2367 captus
2127 2295 2360 2345 amore
2414 2273 2513 2345 tui

363 2420 521 2468 cum
555 2395 665 2468 his
705 2396 949 2469 litteris
988 2395 1237 2469 iterum
1275 2395 1362 2469 ad
1402 2405 1470 2469 te
1511 2395 1690 2469 redit
1730 2396 1958 2481 simul,
2012 2407 2084 2468 et
2121 2418 2245 2489 per
2284 2406 2352 2468 te
2391 2394 2515 2469 do-

365 2520 636 2592 minicae
668 2519 1197 2591 interventionis·
1233 2519 1572 2592 auxilium
1613 2542 1930 2614 speranS,
1969 2542 2094 2614 per
2125 2518 2316 2614 quod
2340 2521 2513 2592 ami-

362 2664 520 2713 cum
565 2665 795 2722 suum,
857 2643 946 2715 de
1003 2665 1143 2737 quo
1205 2642 1422 2737 pridie
1490 2642 1613 2713 tibi
1668 2643 1938 2735 scripsi,
1984 2644 2121 2713 iam
2177 2642 2512 2716 extremis

364 2768 662 2837 fortunae
700 2767 969 2859 laqueis
1004 2775 1347 2838 arctatum
1386 2766 1741 2860 expediat,
1787 2765 1919 2837 nisi
1962 2765 2208 2837 iudicis
2250 2766 2507 2851 anim0,

366 2889 556 2982 quod
597 2889 732 2960 iam
775 2888 865 2961 ab
904 2889 1095 2961 initio
1152 2889 1477 2976 verebar,
1534 2888 1624 2960 ad
1675 2888 2083 2983 supplicium
2135 2888 2507 2977 obstinato,

370 3032 504 3082 non
546 3010 637 3082 sit
675 3010 1001 3106 precibus
1043 3014 1258 3084 locus.
1300 3012 1510 3085 Fama
1550 3010 1736 3083 enim
1770 3022 1907 3098 est,
1951 3034 2112 3083 eum
2146 3011 2384 3085 dolore
2419 3012 2515 3084 si·-

369 3255 515 3350 ipse
578 3254 915 3343 sitienter,
986 3267 1064 3328 ut
1121 3269 1527 3342 memorant,
1596 3256 1976 3350 aspirabat;
2042 3257 2510 3350 indignantem

369 3379 689 3469 graviter,
725 3383 884 3473 plus
909 3381 980 3451 in
1006 3382 1263 3454 amoris
1289 3401 1508 3472 regno
1539 3380 1863 3475 pauperis
1891 3379 2276 3466 blanditiaS,
2304 3402 2512 3473 quam

370 3520 534 3571 suas
578 3500 846 3594 ineptas
895 3500 1176 3574 divitias
1217 3501 1548 3574 valuisse.
1602 3502 1803 3586 Quod
1854 3502 1913 3573 si
1964 3500 2228 3573 accidat
2268 3512 2344 3573 ut
2390 3499 2517 3572 ob-

372 3624 652 3695 structis
686 3623 973 3696 auribus
1007 3624 1228 3696 verba
1259 3623 1658 3707 fundantur,
1696 3624 1974 3695 domino
2010 3633 2240 3695 tamen
2273 3631 2514 3717 partus

368 3746 502 3816 erit
538 3747 804 3839 integer
844 3746 1342 3819 misericordiae
1401 3767 1583 3831 suae,
1655 3746 1774 3818 tibi
1830 3745 2337 3818 benevolentiae
2379 3756 2517 3817 tuae

368 3869 654 3941 fructus.
684 3870 824 3942 Iste
846 3892 1123 3963 quoque
1161 3868 1456 3961 agrestis
1496 3869 1816 3942 amicitiae
1856 3890 2006 3940 suae
2037 3867 2366 3955 debitum,
2403 3890 2517 3941 me

369 3990 760 4084 opitulante,
790 3992 1223 4088 persolverit.
1268 3993 1387 4065 llle
1426 4003 1660 4066 autem
1694 4002 1959 4064 amator
1991 3990 2260 4077 infelix,
2301 3992 2361 4064 si
2394 3993 2518 4063 ali-

370 4120 474 4184 ter
510 4136 673 4187 esse
715 4136 854 4186 non
887 4124 1142 4210 potest,
1181 4118 1435 4189 amoris
1467 4118 1577 4189 sui
1602 4116 2038 4189 dulcedinem
2076 4115 2288 4210 (quod
2321 4116 2515 4189 multi

369 4235 705 4332 fecerunt)
772 4238 1016 4311 mortis
1081 4238 1449 4313 acerbitate
1511 4240 1852 4336 pensabit.
1897 4243 2093 4312 Hunc
2143 4261 2307 4311 sane
2346 4260 2516 4331 quo-
