3104 4805
529 336 605 396 92
1201 349 1281 397 nu
1324 347 1529 397 nunus
1571 347 2015 397 mmmmssus

531 500 681 582 fuit,
720 520 841 591 per
867 520 951 568 ea
985 499 1130 568 loca
1170 508 1667 583 transeuntem,
1700 496 2125 567 verecundia
2154 509 2540 588 permotum
2571 523 2692 572 su-

531 643 654 714 per
685 621 896 692 exilio
938 620 1106 690 tanti
1145 619 1312 701 viri3
1360 619 1745 711 urbemque
1777 618 1964 704 ide0,
2006 618 2125 689 ubi
2160 619 2270 689 ille
2307 629 2470 691 tunc
2509 632 2686 706 erat,

533 742 621 813 de
659 741 1000 814 industria
1035 752 1589 834 praetervectum.
1634 741 1690 811 Ο
1727 740 2105 831 gloriosum
2131 743 2448 812 exulem!
2490 743 2689 812 cuius

534 865 819 934 exilium
869 863 1506 955 potentissimorum
1569 862 1829 934 civium
1890 865 2064 933 alter
2117 863 2466 955 suspexit,
2521 865 2691 934 alter

536 984 834 1055 erubuit.
878 984 980 1054 Sit
1019 985 1260 1055 Caesar
1300 969 1561 1055 mundo
1595 984 1949 1069 terribilis,
1993 986 2254 1055 Brutus
2289 996 2359 1056 et
2399 986 2689 1056 Caesari:

536 1115 911 1198 utrumque
949 1115 1178 1176 tamen
1220 1106 1614 1177 reverentia
1652 1107 1860 1200 coepit
1896 1107 2126 1177 exulis
2160 1107 2480 1177 Marcelli.
2519 1107 2690 1189 Quis

537 1226 824 1297 exilium
867 1229 999 1298 tale
1040 1249 1173 1298 non
1217 1228 1490 1320 cupiat?
1530 1229 1748 1300 Immo
1797 1250 1972 1299 vero
2021 1227 2180 1320 quis
2231 1227 2515 1297 exilium
2565 1250 2693 1299 vo—

535 1359 673 1433 cet,
741 1349 930 1441 quod
991 1349 1164 1442 ipsis
1208 1349 1460 1441 patriae
1508 1349 1809 1455 dominis
1867 1348 2289 1420 invidiosum
2338 1351 2490 1418 est?
2533 1349 2689 1419 Illos

537 1491 1027 1556 commemoro,
1088 1493 1266 1563 quos
1320 1471 1725 1563 poenitentia
1788 1471 2047 1542 civium
2108 1470 2407 1542 reduxit.
2468 1472 2689 1554 Quam

539 1595 792 1665 multos
857 1606 1089 1666 autem
1152 1597 1428 1666 fortuna
1491 1592 1822 1664 restituit!
1897 1591 2269 1684 Nunquam
2335 1591 2690 1662 Camillum

539 1719 756 1787 Roma
789 1727 1143 1787 vocasset:
1184 1737 1336 1787 sors
1373 1715 1467 1785 illi
1500 1724 1571 1784 et
1604 1713 1956 1785 excidium
1998 1713 2194 1783 urbis
2243 1713 2425 1807 (quis
2459 1714 2697 1784 crede-

542 1836 724 1928 ret?),
754 1860 834 1909 ac
862 1840 1159 1909 fremens
1194 1860 1320 1930 per
1347 1836 1604 1908 ltaliam
1636 1834 2212 1927 transalpinarum
2250 1836 2557 1926 gentium
2592 1837 2698 1905 fu-

541 1981 657 2030 ror
685 1959 874 2031 viam
907 1960 1068 2031 fecit
1098 1961 1189 2061 ad
1223 1960 1544 2044 reditum,
1584 1968 1664 2029 ut
1694 1968 1887 2029 esset
1917 1979 2119 2042 unus,
2166 1957 2277 2028 vir
2309 1978 2699 2028 memoran-

542 2080 708 2151 dum
749 2082 1016 2154 cunctis
1049 2080 1403 2163 exulibus,
1448 2091 1519 2150 et
1559 2081 1766 2152 bonae
1807 2080 1957 2173 spei
2000 2080 2204 2151 simul
2251 2091 2321 2150 et
2372 2088 2697 2172 spectatae

544 2223 711 2294 erga
745 2203 1087 2293 ingratam
1121 2201 1412 2292 patriam
1447 2201 1726 2292 pietatis
1763 2205 2145 2295 exemplar.
2181 2201 2430 2294 Atque,
2469 2209 2546 2269 ut
2577 2198 2700 2269 ali—

544 2322 826 2417 quando
858 2320 949 2391 ad
981 2329 1381 2391 nostrorum
1418 2329 1801 2412 temporum
1829 2332 1980 2392 acta
2011 2321 2498 2414 transgrediar,
2528 2322 2701 2391 Mat-

546 2444 774 2513 thaeus
814 2441 1219 2512 vicecomes
1262 2441 1653 2512 Mediolano
1701 2444 1921 2534 patria
1961 2444 2412 2535 praepotentis
2447 2443 2699 2514 inimici

544 2562 813 2632 viribus
854 2562 1128 2653 pulsuS,
1158 2583 1367 2654 quam
1397 2562 1516 2633 diu
1547 2565 1737 2633 solus
1764 2584 1845 2633 ac
1870 2566 2208 2655 profugus
2233 2565 2396 2634 etin
2429 2586 2705 2635 summa

543 2680 773 2772 inopia
811 2701 1046 2750 rerum
1087 2683 1394 2753 omnium
1431 2682 1575 2768 fuit,
1621 2685 2085 2774 comploratus
2139 2706 2180 2753 a
2230 2685 2402 2767 suis,
2453 2685 2701 2754 illusus

545 2802 635 2872 ab
667 2801 1032 2873 hostibus?
1065 2805 1286 2887 Quem
1319 2806 1547 2875 ferunt
1579 2783 1696 2875 die'
1725 2803 2027 2895 quodam
2062 2824 2384 2873 curarum
2422 2804 2699 2892 plenum

546 2933 803 3014 praeter
844 2923 1062 3017 ripam
1094 2924 1348 2997 Benaci
1388 2928 1589 3017 lagus
1628 2933 2004 3006 errantem,
2049 2921 2382 2992 habuisse
2416 2921 2698 2992 obvium

549 3044 833 3138 superbi
874 3047 1096 3117 hostis
1137 3048 1481 3132 nuntium,
1520 3057 1728 3139 atque
1767 3043 1856 3115 ab
1896 3067 1981 3116 eo
2024 3042 2284 3116 domini
2326 3042 2434 3112 sui
2462 3041 2698 3112 verbis

549 3166 1066 3256 interrogatum,
1112 3166 1442 3258 quidnam
1481 3167 1577 3237 ibi
1618 3177 1757 3237 tam
1786 3159 2230 3236 incomitatus
2270 3166 2549 3256 ageret?
2585 3163 2711 3232 Nil

547 3283 747 3368 aliud,
776 3285 1241 3379 respondisse,
1273 3289 1405 3357 nisi
1423 3310 1491 3357 se
1515 3290 1684 3357 retia
1713 3285 1991 3355 tendere.
2022 3288 2224 3371 Quod
2251 3308 2707 3378 responsum,

553 3417 697 3478 tum
763 3410 936 3477 forte
1000 3410 1422 3501 contempt-ui
1489 3408 1832 3493 habitum,
1906 3408 2105 3479 brevi
2168 3408 2337 3501 quid
2399 3406 2710 3503 mysterii

552 3522 973 3615 importaret,
1012 3521 1338 3594 innotuit:
1385 3524 1480 3593 ita
1533 3526 1812 3595 ociosus
1869 3545 2088 3594 senex
2140 3546 2327 3594 unus
2380 3523 2715 3594 adversa-

555 3644 696 3716 rios
748 3667 913 3716 suos
964 3666 1238 3729 omneS,
1280 3668 1412 3716 ceu
1452 3646 1736 3718 totidem
1778 3646 2036 3738 pisceS,
2089 3668 2251 3717 esca
2294 3644 2442 3737 spei
2485 3643 2711 3712 inanis

554 3767 807 3850 eluSOS‚
836 3767 1295 3860 providentiae
1339 3790 1490 3838 suae
1526 3768 1795 3839 retibus
1831 3767 2307 3839 circumvenit.
2350 3765 2505 3836 Alio
2540 3786 2717 3857 quo-

555 3904 695 3973 que
749 3896 1061 3980 tempore
1110 3911 1267 3959 cum
1327 3889 1418 3960 ad
1481 3890 1805 3960 eumdem
1873 3889 2166 3960 nuntius*
2228 3885 2577 3969 rediisset,
2646 3893 2716 3952 et

556 3991 1123 4093 percunctaretur
1162 4007 1490 4095 irridenS‚
1534 4009 1792 4102 quibus
1835 4009 2229 4093 itinerihuS,
2275 4015 2396 4079 aut
2436 4001 2714 4097 quando

558 4132 748 4194 esset
786 4123 857 4193 in
898 4128 1190 4216 patriam
1230 4151 1681 4214 reversuruS,
1738 4130 2106 4223 tranquilla
2154 4130 2375 4199 fronte
2429 4142 2716 4214 respon-
