3104 4805
573 344 688 407 346
1247 353 1329 402 οε
1370 352 1572 401 annus
1614 350 2056 402 sumamus

569 498 825 592 quibus
869 492 1288 567 servandum
1330 493 1837 587 colendumque
1875 496 2359 580 commiseraS,
2397 493 2719 590 perdide-

569 632 770 694 runt:
836 642 971 692 non
1042 638 1284 690 somno
1348 628 1468 690 aut
1531 619 1814 711 ignavia
1884 619 2081 705 victi,
2155 620 2281 693 sed
2344 619 2719 691 flammanti

569 745 755 825 odio,
799 754 869 815 et
914 739 1169 813 invidia
1223 741 1572 812 stimulati.
1625 742 1683 811 Ο
1733 741 1947 813 ultrix
2002 745 2342 814 scelerum
2408 741 2710 813 iustitia!

567 868 804 959 Neque
869 863 959 934 illi
1026 873 1147 934 aut
1206 862 1618 947 innocentia,
1674 874 1795 934 aut
1849 865 2163 956 sanguiS,
2215 873 2336 935 aut
2388 862 2719 935 maiestas

567 990 838 1086 profuit.
873 989 1025 1060 Non
1059 988 1413 1060 hominum
1448 987 1849 1081 quisquam,
1879 998 1998 1060 aut
2027 987 2342 1074 deorum,
2372 1010 2529 1075 non,
2557 1011 2718 1082 quae

566 1113 1042 1187 efficacissima
1080 1110 1504 1207 sperabatur,
1537 1110 1637 1182 tui
1664 1110 2041 1183 recordatio
2066 1132 2269 1206 opem
2295 1112 2468 1182 tulit.
2492 1113 2719 1183 Voces

566 1238 719 1310 illas
759 1236 1200 1327 monitusque
1240 1233 1662 1304 novissimos
1710 1233 1804 1328 pii
1857 1234 2072 1326 patris
2111 1244 2183 1305 et
2222 1233 2410 1325 regis
2449 1233 2712 1326 optimi,

565 1359 820 1454 quibus
861 1357 1190 1439 morienS,
1234 1364 1572 1449 quantum
1618 1357 1886 1429 mortali
1927 1356 2214 1429 consilio
2251 1357 2488 1429 datum
2541 1367 2712 1440 erat,

568 1484 636 1555 in
676 1485 955 1573 longum
998 1490 1070 1551 et
1107 1479 1383 1551 familiae
1426 1488 1567 1551 tuae
1617 1500 2086 1573 prospexeras
2131 1491 2203 1552 et
2240 1502 2485 1572 regno,
2541 1501 2721 1573 prae-

568 1615 791 1700 ruptae
821 1604 1348 1697 desperataeque
1379 1602 1710 1697 ne'quitiae
1743 1614 1997 1676 ventus
2032 1605 2212 1691 tulit,
2250 1613 2457 1698 atque
2494 1603 2719 1675 omnis

568 1728 785 1802 divini
826 1727 995 1799 iuris
1035 1726 1344 1798 contexit
1381 1725 1661 1799 oblivio.
1700 1728 1839 1800 Sed
1873 1726 2010 1797 iam
2046 1727 2330 1799 fletuum
2368 1726 2538 1798 satis
2562 1738 2718 1797 est:

567 1851 772 1923 modo
797 1873 914 1937 ne,
945 1848 1062 1921 ubi
1090 1849 1300 1947 finem
1327 1847 1686 1942 fingimuS,
1731 1849 1999 1922 initium
2036 1842 2147 1921 sit‘.
2184 1851 2353 1921 Cum
2390 1850 2601 1933 enim,
2640 1858 2722 1921 ut
2786 1934 2793 1941 ¹

568 1974 904 2059 dicebam,
942 1984 1012 2045 et
1044 1973 1290 2045 crebra
1330 1984 1400 2045 et
1440 1972 1763 2045 comitata
1808 1974 2092 2045 veniant
2124 1976 2329 2058 mala,
2370 1995 2527 2045 cum
2563 1994 2721 2044 rara

568 2109 639 2171 et
685 2099 986 2171 solitaria
1029 2096 1208 2169 bona
1262 2095 1420 2180 sint,
1467 2117 1563 2167 ex
1615 2097 1747 2171 hoc
1798 2100 1977 2170 malo
2017 2095 2254 2169 nescio
2295 2095 2461 2190 quid
2508 2098 2723 2169 malo-

568 2245 722 2294 rum
764 2221 961 2314 sequi
1004 2220 1225 2304 vide0,
1270 2219 1484 2312 quod,
1530 2242 1618 2291 ne
1668 2220 1916 2292 iterum
1965 2221 2218 2292 certior
2261 2239 2470 2313 quam
2510 2218 2717 2290 velim

567 2344 730 2415 mali
768 2341 984 2414 nuntii
1027 2351 1228 2414 vates
1265 2341 1420 2426 sim,
1468 2341 1740 2415 silentio
1773 2364 2104 2438 premam.
2148 2342 2430 2415 Meliora
2476 2352 2720 2414 cuncta

567 2464 999 2560 proveniant,
1043 2486 1253 2556 quam
1295 2485 1524 2557 spero,
1581 2486 1707 2536 nec
1748 2463 2143 2558 reipublicae
2184 2474 2428 2536 noceat
2468 2486 2722 2559 pauco-

570 2609 721 2658 rum
773 2589 987 2670 furor‚
1041 2586 1161 2679 qui
1212 2587 1282 2657 in
1331 2587 1462 2658 illis
1513 2610 1807 2681 quorum
1861 2596 1998 2672 est,
2043 2586 2330 2671 inultuS,
2374 2597 2452 2658 ut
2499 2609 2720 2679 augu-

570 2728 712 2791 ror,
766 2729 901 2779 non
952 2708 1106 2779 erit.
1160 2708 1312 2779 Etsi
1359 2708 1542 2780 enim
1594 2709 1831 2781 divina
1897 2709 2152 2781 iustitia
2214 2730 2401 2805 saepe
2453 2709 2721 2781 miseri-

570 2829 828 2902 cordiae
894 2830 1324 2916 succumbat,
1394 2831 1460 2903 in
1528 2832 1639 2903 his
1711 2841 1941 2904 tamen
2008 2833 2140 2904 hoc
2203 2831 2473 2917 accidit,
2541 2853 2717 2926 quos

569 2953 825 3045 peccati
891 2951 1105 3046 pudet
1171 2977 1250 3025 ac
1307 2954 1622 3049 poenitet,
1667 2975 1804 3025 non
1847 2954 1914 3023 in
1956 2955 2067 3025 his
2110 2955 2228 3048 qui
2271 2955 2532 3047 flagitio
2570 2957 2717 3046 glo—

571 3077 857 3148 riantur.
883 3078 1049 3150 Haec
1084 3077 1207 3149 tibi
1238 3099 1516 3172 quoque
1554 3077 1819 3170 Sorgiae
1852 3078 1943 3151 ad
1974 3081 2257 3166 fontem,
2296 3100 2436 3173 quo
2471 3100 2717 3151 rursus

509 3181 522 3194 ⁶
567 3219 608 3268 e
648 3207 836 3269 tanto
874 3198 1091 3269 Italiae
1132 3200 1506 3290 naufragio,
1551 3200 1841 3271 velutin
1876 3210 2164 3292 portum,
2207 3201 2383 3293 fugi,
2430 3210 2500 3271 et
2538 3222 2720 3294 prae-

569 3322 746 3393 teriti
795 3321 1068 3406 dolens,
1121 3332 1190 3393 et
1247 3322 1519 3393 venturi
1586 3324 1896 3415 trepidus
1962 3323 2334 3410 dictabam,
2391 3325 2720 3398 Kalendis

571 3443 957 3530 sextilibus,
985 3446 1393 3539 intempesta
1421 3447 1820 3518 nocte.Vale
1848 3448 1944 3517 tui
1972 3456 2243 3531 cautuS,
2274 3470 2536 3521 memor
2560 3449 2710 3520 mei.
