3104 4805
584 366 700 425 4:20
1256 376 1337 421 DE
1383 377 1581 423 nanus
1626 375 2069 424 FAM-imssmssus

586 500 1012 614 longissima,
1060 519 1296 592 brevis
1337 521 1497 605 erit,
1542 531 1612 591 et
1655 524 1721 590 in
1767 520 1972 591 finem
2016 521 2185 590 vitae
2229 542 2391 615 spes
2437 522 2748 608 vivendi,

585 645 906 738 quamvis
948 653 1117 723 rata,
1162 644 1488 734 quamvis
1526 644 1692 713 nihil
1731 645 2048 727 mentita,
2106 644 2434 714 fefellerit.
2491 645 2747 730 Quem,

586 767 883 858 inquam,
916 764 1082 835 mihi
1112 765 1412 859 reperies
1454 766 1572 858 qui
1612 789 1745 837 non
1782 765 2159 838 coaetaneis
2204 767 2349 837 suis
2389 790 2467 838 se
2505 790 2753 860 super—

586 890 931 959 victurum
977 891 1259 978 speret?
1293 890 1394 958 Ita
1433 888 1777 979 cogitatus
1824 898 2101 960 nostros
2137 898 2476 981 actusque
2512 889 2750 982 dispo-

586 1003 848 1093 nimuS,
904 1009 1108 1101 quasi
1162 1012 1391 1080 nullus
1434 1022 1701 1094 noster,
1747 1012 2057 1081 omnium
2109 1033 2237 1081 nos
2288 1012 2587 1084 heredes
2639 1015 2752 1084 fu-

590 1131 720 1203 turi
765 1133 1025 1202 simus:
1068 1152 1226 1200 cum
1270 1130 1543 1200 interim
1587 1140 1828 1202 nostra
1871 1152 2040 1203 suos
2088 1142 2571 1227 expectatores
2624 1134 2754 1204 ha-

586 1254 748 1324 heat
773 1253 1145 1336 hereditaS,
1185 1261 1255 1322 et
1280 1254 1469 1325 haud
1495 1253 1707 1325 dubie
1745 1254 1878 1324 salli
1918 1256 2291 1326 alterutros
2323 1258 2411 1326 sit
2436 1278 2744 1327 necesse.

588 1376 984 1468 Eripiamus
1035 1396 1162 1445 nos
1214 1376 1376 1446 huic
1425 1374 1750 1458 ludibrio,
1806 1387 1877 1447 et
1929 1378 1986 1448 si
2039 1378 2210 1449 ratio
2276 1401 2414 1449 non
2478 1388 2742 1464 movet,

588 1506 919 1568 moveant
968 1518 1096 1567 nos
1163 1499 1515 1589 exempla;
1569 1520 1729 1589 quae
1781 1500 2117 1591 undique,
2165 1503 2279 1572 vel
2321 1499 2745 1584 nolentibuS‚

588 1619 805 1690 oculis
851 1640 927 1688 se
967 1617 1286 1703 offerunt,
1318 1632 1413 1702 et,
1455 1620 1568 1688 vel
1607 1622 1926 1704 exclusa,
1969 1643 2045 1691 se
2089 1622 2439 1713 ingerunt,
2485 1624 2592 1692 vel
2627 1622 2753 1693 ad-

590 1743 834 1825 missa,
889 1740 1295 1834 praecordiis
1340 1740 1679 1824 insident3
1723 1765 1851 1813 nec
1892 1744 2117 1827 facile,
2172 1744 2306 1813 nisi
2357 1754 2754 1837 contemptu

589 1864 798 1956 impio
833 1873 900 1934 et
942 1863 1290 1934 oblivione
1328 1862 1704 1949 mortifera,
1751 1865 2184 1938 differuntur.
2224 1869 2533 1937 Delectat
2576 1867 2752 1936 scire

590 1987 757 2079 quid
803 1986 1021 2057 simus
1064 1995 1134 2055 et
1172 2008 1312 2078 quo
1353 1986 1562 2070 imuS,
1617 1986 1777 2079 quis
1827 1998 2233 2059 cunctantes
2287 1989 2756 2079 tergiversan-

594 2119 835 2201 tesque
896 2118 1130 2180 manet
1179 2109 1471 2181 exitus?
1536 2111 1939 2181 Intueamur
2005 2109 2218 2191 alios3
2287 2131 2424 2179 non
2488 2111 2755 2205 lynceis

592 2232 807 2301 oculis
851 2240 961 2302 est
999 2254 1221 2325 opus;
1264 2242 1384 2302 aut
1422 2230 1605 2302 illius
1649 2231 1795 2303 acie
1829 2232 1976 2324 qui,
2017 2255 2056 2303 a
2105 2232 2390 2327 Lilybaei
2439 2235 2750 2323 specula,

590 2353 1097 2444 digredientem
1154 2363 1356 2447 portu
1409 2353 1847 2445 Carthaginis
1901 2356 2197 2425 classem
2252 2354 2583 2426 Punicam
2628 2377 2758 2425 nu-

591 2475 921 2545 merabat.
970 2478 1172 2545 quta
1210 2477 1557 2569 respicere
1605 2477 1812 2547 iubeo
1860 2477 2086 2547 vicina
2140 2477 2348 2561 ostia,
2392 2478 2755 2568 contiguas

592 2598 867 2681 domos,
926 2597 1136 2666 urbes
1206 2597 1394 2689 ipsas
1460 2620 1641 2690 quas
1694 2598 2099 2681 incolimus3
2171 2600 2374 2670 nimis
2425 2600 2619 2691 vagi,
2667 2600 2756 2670 ad

592 2719 907 2813 proprios
964 2721 1144 2788 lares
1208 2740 1287 2788 ac
1353 2720 1587 2789 limina
1638 2721 2029 2791 redeamus.
2082 2722 2495 2792 Videbimus
2545 2744 2755 2814 quam

592 2852 903 2933 repente,
944 2842 1137 2911 velut
1177 2841 1517 2912 somnium
1562 2863 1643 2912 ac
1686 2842 1962 2925 umbra,
2009 2842 2367 2935 praeteriit.
2415 2854 2625 2937 atque
2667 2844 2757 2914 ab

592 2961 809 3031 oculis
853 2962 1111 3031 nostris
1154 2962 1440 3034 evanuit
1486 2963 1827 3055 quidquid
1877 2965 1947 3033 in
1998 2966 2204 3037 terris
2256 2968 2487 3036 carius
2539 2966 2760 3036 habe—

594 3081 863 3152 bamus,
909 3081 1131 3154 Amici
1172 3085 1288 3174 qui
1333 3107 1455 3177 pro
1507 3095 1746 3156 nostra
1781 3086 1925 3156 vita
1960 3086 2119 3156 ituri
2174 3088 2264 3159 ad
2315 3099 2639 3166 mortem,
2698 3088 2758 3156 si

599 3226 710 3275 res
751 3215 1090 3298 posceret,
1138 3205 1583 3292 videbantur,
1642 3220 1958 3279 moestam
2014 3210 2214 3281 nobis
2267 3218 2337 3280 et
2389 3210 2590 3279 nimis
2643 3231 2762 3279 so-

597 3324 887 3396 litariam
940 3338 1159 3398 morte
1226 3351 1351 3400 sua
1401 3330 1616 3401 vitam
1670 3331 2063 3400 effecerunt.
2120 3332 2269 3402 Non
2320 3330 2413 3399 illi
2464 3353 2593 3401 nos
2645 3330 2762 3400 hic

595 3460 965 3542 perpetues
998 3450 1365 3543 reliquere,
1399 3452 1525 3522 sed
1558 3452 1799 3523 eodem
1839 3462 2287 3546 properantes
2327 3474 2758 3547 praevenere,

595 3582 664 3638 et
707 3584 892 3641 sorte
936 3592 1062 3641 sua
1106 3571 1173 3641 in
1218 3584 1523 3666 tempore
1571 3574 1673 3644 usi
1732 3583 1914 3645 sunt.
1973 3576 2262 3647 Utemur
2298 3585 2534 3647 nostra
2585 3597 2762 3655 nos3

596 3713 782 3776 nam,
833 3704 907 3763 ut
947 3695 1041 3765 ait
1081 3696 1397 3766 Flaccus:
2083 3678 2101 3693 ’

1078 3842 1299 3906 Omnes
1334 3845 1547 3908 eodem
1582 3831 1891 3924 cogimur:
1932 3850 2212 3912 emnium

1200 3942 1489 4004 Versatur
1522 3961 1676 4006 urna
1713 3945 1909 4006 serius
1944 3946 2114 4007 ocius

1199 4040 1343 4103 Sors
1377 4042 1637 4105 exitura.

603 4182 842 4251 Exivit
868 4187 1061 4259 ocius
1092 4212 1245 4260 sors
1281 4191 1577 4277 illorum,
1618 4194 1836 4266 exibit
1870 4206 2109 4267 nostra
2147 4198 2400 4280 serius,
2443 4197 2562 4269 sed
2597 4220 2771 4267 een—
