3104 4805
893 552 1853 650 PROLEGOMENON.

1291 840 1445 851 ,-

439 1321 653 1394 Quum
686 1317 1041 1383 Franciscus
1072 1318 1379 1397 Petrarca,
1404 1314 1421 1348 ¹
1457 1320 1727 1385 doctrina
1761 1326 1822 1383 et
1856 1322 2211 1385 auctoritate
2250 1324 2441 1387 aetatis

282 1442 410 1489 suae
436 1426 540 1488 vir
576 1425 750 1487 facile
788 1424 1099 1504 princepS,
1143 1432 1443 1505 quotquot
1478 1426 1577 1488 vel
1610 1426 1951 1491 litterarum
1982 1428 2179 1505 cultu,
2217 1428 2314 1492 vel
2347 1446 2439 1492 ar·

284 1548 535 1595 morum
592 1532 815 1610 gloria,
870 1531 972 1593 vel
1022 1531 1324 1609 dignitatis
1378 1542 1439 1594 et
1498 1534 1685 1611 regiae
1737 1534 2066 1597 maiestatis
2125 1534 2443 1615 splendore

436 1708 452 1739 ⁸
486 1706 730 1767 Quamvis
744 1705 799 1755 in
813 1704 1065 1769 plerisque
1082 1704 1350 1756 Codicibus
1364 1704 1724 1767 veteribusque
1740 1704 2047 1757 editionibus
2061 1719 2192 1771 pene
2207 1708 2444 1760 omnibus

284 1799 469 1836 nomen
491 1786 715 1837 auctoris
736 1782 903 1836 nostri
923 1785 1091 1836 littera
1118 1785 1159 1834 Η
1187 1785 1383 1836 duabus
1403 1785 1597 1835 ultimis
1622 1786 1919 1848 interposita
1948 1786 2191 1850 scriptum
2222 1788 2444 1839 invenia-

291 1873 401 1923 tur,
425 1880 591 1930 eaque
613 1880 713 1917 non
738 1866 903 1917 solum
924 1866 977 1916 iu
1003 1871 1145 1916 recto
1169 1866 1262 1916 sed
1294 1872 1347 1916 et
1378 1866 1431 1915 in
1467 1865 1686 1929 obliquis
1712 1865 1823 1915 eius
1849 1866 2067 1917 nominis
2099 1868 2298 1918 casibus
2328 1881 2445 1917 con·

288 1951 481 1995 stanter
502 1951 744 2010 appareat
760 1981 775 2004 ‚
801 1958 897 1996 nos
922 1952 1091 1996 tamen
1119 1945 1339 1995 litteram
1361 1945 1499 1994 illam
1522 1943 1910 2008 expungendam
1930 1945 2191 2007 duximus,
2211 1959 2272 1997 ea
2295 1948 2447 2011 potis-

287 2026 465 2075 simum
488 2025 690 2075 ratione
718 2024 875 2086 ducti,
901 2025 1035 2089 quod
1061 2024 1116 2074 in
1139 2024 1393 2088 epitaphio
1414 2024 1480 2074 ab
1501 2022 1719 2087 ipsomet
1744 2024 1840 2075 sibi
1871 2024 2146 2089 composito
2176 2026 2316 2076 etad
2335 2026 2447 2077 eins

293 2112 677 2155 monumentum
698 2104 945 2167 Arquadae
965 2105 1127 2155 adhuc
1153 2110 1432 2168 prestante,
1452 2118 1551 2156 non
1573 2105 1736 2156 solum
1761 2105 2011 2157 Petrarooe
2032 2107 2087 2157 in
2109 2106 2269 2171 primo
2292 2120 2445 2158 versu

297 2186 586 2250 inscriptum
624 2186 854 2249 legatur,
890 2184 980 2235 sed
1015 2185 1153 2249 qnod
1183 2198 1278 2236 cen
1306 2186 1458 2237 verba
1497 2186 1572 2237 illi
1613 2188 1900 2238 assonantia
1934 2189 1988 2238 in
2018 2188 2215 2240 duobus
2245 2188 2333 2254 qui
2368 2201 2444 2240 se-

294 2273 515 2331 qunntur
537 2279 688 2330 parce
712 2271 765 2316 et
791 2278 903 2315 arce
928 2265 1152 2317 adbibita
1175 2266 1397 2317 fuerint.

614 2391 814 2427 Pmoun
841 2391 1095 2428 punctam
1126 2393 1264 2429 [ms
1290 2393 1375 2428 mc
1405 2393 1551 2429 notu·
1580 2393 1697 2429 ΟΒΒΑ
1724 2393 2020 2429 Pur-nez:

616 2463 814 2500 nuncin
844 2465 991 2500 vineo
1017 2466 1202 2501 Panno
1230 2466 1450 2513 ΔΙΙΙΔΙ,
1478 2467 1601 2501 svn
1630 2466 1829 2502 vinem!
1858 2466 2037 2513 ΡΔΙΟΙ,

616 2538 860 2578 'mamm
889 2539 980 2573 uu
1009 2538 1181 2573 'rums
1206 2538 1337 2575 (3OEss
1366 2538 1666 2580 nioman·
1696 2538 1747 2574 u«
1777 2539 1915 2575 nen.

297 2647 372 2697 Ex
395 2661 498 2711 qno
518 2653 657 2712 patet
678 2635 998 2699 liranciscum
1021 2661 1079 2700 se
1098 2661 1200 2698 non
1223 2648 1508 2705 Petrarchoe
1521 2686 1534 2706 .
1562 2647 1655 2699 sed
1679 2646 1931 2698 Petrarcoe
1951 2648 2153 2698 nomine
2175 2647 2340 2699 vocari
2361 2661 2447 2699 vo-

296 2726 478 2788 luisse;
510 2727 755 2792 quidquid
787 2728 1169 2780 incontrarium
1196 2727 1425 2791 plerique
1455 2726 1729 2787 senserint,
1762 2732 1816 2776 et
1847 2727 2125 2790 praesertim
2151 2727 2446 2778 Fonrumus

296 2805 522 2858 Lici-:rus
543 2807 596 2856 in
623 2807 835 2871 epistola
848 2809 912 2859 ad
934 2809 1029 2859 lac.
1050 2808 1176 2859 Phil.
1191 2808 1510 2860 Tomasinum
1525 2808 1662 2859 edita
1682 2813 1798 2871 post
1820 2806 2147 2857 Patr-archam
2176 2808 2446 2857 redivivum

292 2887 514 2946 Patavii,
551 2886 680 2938 1604
697 2926 711 2946 ,
740 2902 860 2951 pao.
893 2889 1009 2939 2⁴9.
1045 2887 1110 2938 Et
1143 2901 1265 2940 sane
1283 2924 1298 2950 ,
1331 2888 1377 2939 si
1408 2901 1507 2952 qua
1540 2887 1825 2951 proteratur
1856 2888 2164 2951 autographa
2196 2887 2447 2938 Francisci

296 2969 571 3031 scriptura,
595 2981 708 3032 quae
737 2981 922 3018 nomen
944 2968 1054 3020 eius
1076 2969 1269 3020 adiecta
1291 2969 1596 3033 aspiratione
1617 2969 1879 3029 exhibeat,
1915 2969 2078 3020 iasces
2113 2981 2194 3020 me
2232 2969 2448 3020 libenter

301 3049 662 3099 submissurum
686 3049 940 3114 profiteor.
966 3049 1075 3100 Non
1098 3051 1214 3101 ideo
1248 3056 1416 3100 tamen
1449 3050 1613 3101 victus
1644 3050 1823 3101 abeam
1853 3049 1989 3112 quod
2019 3049 2072 3099 in
2104 3048 2363 3099 codicibus
2393 3056 2447 3100 et

300 3129 554 3181 veteribus
592 3130 900 3181 editionibus
938 3137 1296 3181 testamentum
1330 3131 1490 3196 ipsius
1525 3145 1585 3182 ea
1617 3129 1987 3193 subscriptione
2020 3130 2298 3181 claudatur.
2341 3130 2447 3193 qu

294 3205 591 3257 fronciacus
611 3206 884 3258 Patr-archa
910 3209 1099 3272 scripsi.
1127 3208 1327 3259 Etenim
1360 3209 1405 3260 si
1442 3209 1683 3258 Fortunio
1718 3208 1891 3258 Liceto
1921 3221 2021 3259 non
2053 3206 2148 3258 fuit
2181 3208 2448 3259 verisimile

302 3287 589 3338 credibilem
632 3292 989 3338 testamentum
1021 3303 1051 3339 a
1086 3289 1355 3340 Petu-arctae
1392 3304 1544 3340 manu
1580 3289 1783 3354 propria
1819 3289 2144 3354 conscriptum
2177 3288 2311 3338 inter
2340 3289 2449 3339 eius

308 3377 444 3426 opere
462 3381 565 3416 non
589 3366 958 3429 reliqiosissime
984 3369 1335 3433 transcriptum
1356 3368 1510 3432 fuisse
1546 3383 1660 3419 cum
1692 3369 1866 3420 eadem
1896 3383 2099 3433 prorsus
2134 3369 2448 3434 ortoproephia

299 3446 602 3506 potissimum
624 3448 816 3512 proprii
838 3449 1163 3512 coquominis,
1190 3451 1352 3501 multo
1378 3450 1500 3500 mihi
1522 3451 1682 3514 magis
1708 3464 1737 3501 a
1760 3451 1969 3502 veritate
1990 3450 2235 3502 absonum
2250 3449 2449 3500 videtur

302 3522 618 3577 Fani-‚iseum
648 3528 869 3591 posteris
895 3528 960 3578 de
983 3542 1039 3579 se
1061 3542 1353 3592 supremum
1381 3535 1434 3579 et
1455 3530 1694 3580 marmori
1728 3532 1794 3582 ad
1831 3536 2124 3595 perpetuam
2156 3528 2235 3579 sui
2264 3539 2449 3578 memo-

302 3605 423 3656 riam
446 3606 823 3659 inscribendum
846 3609 1189 3660 testimonium
1212 3608 1458 3661 ferentem
1476 3645 1492 3671 ,
1525 3616 1586 3661 nt
1614 3611 1761 3661 metri
1784 3610 2121 3661 consonantiae
2141 3607 2446 3671 indulgeret,

305 3697 446 3747 quam
471 3686 607 3738 facili
629 3693 828 3750 poterat
848 3689 1044 3740 ratione
1071 3695 1292 3750 mutare,
1317 3689 1589 3754 ingenuam
1614 3688 1834 3740 nominis
1856 3688 1936 3739 sui
1958 3685 2328 3749 ortographiam
2341 3699 2449 3737 cor-

302 3778 531 3830 rumpere
554 3767 794 3819 volnisse.
821 3768 1068 3821 Caeterum
1091 3782 1185 3820 nec
1207 3769 1497 3821 testamenti
1523 3767 1867 3834 autographon
1890 3765 2070 3830 aliquis
2102 3764 2265 3816 adhuc
2295 3765 2445 3828 vidit,

303 3857 395 3893 nec
413 3846 593 3895 mirum
615 3846 797 3911 cuique
819 3859 933 3898 esse
950 3854 1117 3912 potest
1133 3850 1269 3912 quod
1282 3862 1310 3899 a
1330 3847 1547 3898 librariis
1566 3853 1619 3897 et
1643 3845 1965 3910 typographis
1985 3845 2265 3895 vetustioris
2288 3847 2447 3897 oeialis

298 3925 456 3976 latino
475 3940 708 3978 sermone
738 3928 1078 3980 scribentibus
1098 3929 1400 3994 aspiratione
1431 3929 1628 3993 adjecta
1658 3927 1808 3978 ruerit
1840 3931 1999 3992 poetae
2028 3940 2209 3979 nomen
2241 3940 2448 3991 usurpa·

295 4016 431 4070 tum,
456 4023 611 4074 quum
633 4011 901 4061 comaclo
922 4011 1074 4061 etiam
1098 4011 1269 4074 linqua
1291 4016 1465 4062 nostra
1496 4009 1690 4061 exarati
1721 4009 1957 4074 sequior-is
1988 4009 2219 4076 temporis
2249 4008 2448 4060 codices

298 4100 348 4140 et
366 4091 485 4141 libri
502 4090 630 4143 illud
651 4094 832 4144 endem
854 4093 1051 4143 ratione
1072 4091 1311 4156 scriptum
1333 4092 1625 4153 exhibeant,
1641 4090 1762 4156 quin
1779 4098 1945 4141 tamen
1963 4104 2136 4142 eorum
2153 4089 2446 4142 auctoritate

305 4173 479 4224 ductus
508 4174 756 4238 quispiam
780 4173 1069 4224 inveniatur
1091 4171 1177 4235 qui
1202 4171 1238 4220 il
1261 4171 1535 4222 Peli-archa
1552 4185 1646 4236 pro
1658 4172 1698 4223 tl
1714 4172 1952 4223 Petu-orca
1964 4172 2018 4222 in
2038 4173 2200 4224 italica
2224 4170 2446 4222 oratione

309 4263 432 4304 nuuc
450 4255 673 4306 scribere
696 4255 837 4306 velit.

543 4354 582 4392 l.
2107 4354 2138 4386 a

1241 4433 1777 4546 ‘2055ssss
