3104 4805
601 301 700 361 lim
1259 311 1341 358 DE
1383 310 1583 357 nunus
1628 308 2067 357 FAleAmBUs

470 433 489 440 ’Ἦ
585 456 758 526 doce
789 463 1049 547 quanto
1081 451 1346 522 facilius
1382 451 1624 543 iugum
1660 450 1828 522 illud
1862 451 2240 536 declinare,
2279 475 2489 544 quam
2523 476 2742 525 excu-

586 584 764 660 tere,
808 585 880 646 et
930 575 1269 668 poeticum
1324 572 1490 643 illud
1545 575 1801 645 teneris
1850 573 2134 644 auribus
2185 576 2586 666 frequenter
2635 577 2742 645 in-

583 700 811 768 culca:
855 699 977 766 hac
1015 698 1152 765 itur
1183 693 1269 766 ad
1307 708 1487 766 astra
1509 721 1530 776 ;
1572 704 1643 766 et
1683 694 1872 765 illud:

902 884 1021 944 Hac
1057 883 1172 944 iter
1207 883 1478 960 Elysium
1512 884 1721 958 nobis;
1756 889 1815 944 at
1846 885 1999 945 laeva
2033 885 2334 945 malorum

903 981 1159 1042 Exercet
1190 995 1398 1059 poenas
1432 987 1491 1041 et
1524 980 1600 1042 ad
1632 979 1815 1058 impia
1850 986 2072 1044 tartara
2106 982 2311 1043 mittit.

584 1184 659 1251 ln
700 1202 839 1272 quo
878 1190 1099 1272 poetae
1140 1188 1377 1250 nostro
1414 1179 1805 1271 sapientum
1855 1178 2308 1251 Hebraeorum
2350 1204 2531 1254 unus
2572 1205 2740 1255 con-

585 1314 804 1375 sonat.
875 1302 988 1373 Sic
1027 1301 1207 1371 enim
1262 1301 1394 1371 ait:
1450 1302 1565 1369 via
1606 1301 2026 1393 peccantium
2068 1305 2450 1371 conculcata
2499 1303 2739 1396 lapidi-

584 1427 725 1507 buS,
773 1435 834 1492 ct
874 1426 945 1491 in
984 1425 1183 1514 finem
1220 1424 1486 1492 illorum
1546 1423 1750 1511 inseri
1805 1435 1867 1491 et
1917 1424 2200 1492 tenebroe
2239 1435 2300 1493 et
2333 1447 2568 1517 poenoe.
2609 1426 2731 1495 His

584 1545 713 1614 hac
753 1553 958 1614 aetate
998 1552 1413 1614 consuescat
1446 1543 1754 1628 monitis,
1800 1544 1929 1615 has
1970 1545 2242 1616 hauriat
2291 1547 2731 1640 disciplinas:

581 1666 776 1736 facile
839 1668 1164 1759 quamvis
1224 1668 1509 1737 formam
1567 1688 1809 1737 recens
1860 1666 2119 1758 excipit
2171 1668 2486 1752 materia,
2541 1670 2736 1740 facile

582 1787 814 1877 quivis
880 1787 1159 1859 habitus
1218 1789 1526 1859 nondum
1579 1788 1846 1858 duratis
1900 1788 2247 1859 mentibus
2299 1790 2731 1882 imprimitur.

586 1907 713 1977 Ubi
786 1909 978 1979 falsis
1053 1908 1491 2003 opinionibus
1569 1909 1831 1980 aditum
1911 1910 2299 2003 praebueris
2373 1912 2737 2006 operosius

583 2030 1071 2100 excluduntur.
1127 2033 1315 2101 Insta
1364 2053 1564 2122 ergO,
1621 2032 1786 2102 dum
1828 2032 2049 2101 votivi
2101 2053 2294 2123 spem
2364 2054 2735 2104 successus

586 2151 942 2223 tractabile
1011 2162 1284 2244 tempus
1334 2154 1657 2246 praefert;
1709 2162 1781 2222 et
1838 2152 1939 2222 sic
1989 2153 2269 2238 habeto,
2324 2156 2480 2245 plus
2529 2167 2594 2226 te
2644 2155 2736 2224 illi

585 2294 801 2365 puero
840 2273 970 2343 hoc
1012 2274 1348 2345 beneficio
1388 2277 1827 2357 collaturum,
1873 2296 2084 2367 quam
2128 2259 2479 2345 si'omnes
2524 2277 2729 2346 simul

587 2392 927 2484 ingenuas
972 2407 1154 2465 artes
1199 2396 1265 2464 in
1309 2406 1551 2485 pectus
1583 2418 1785 2467 suum
1821 2396 2063 2467 sedulo
2098 2419 2217 2467 ore
2255 2397 2736 2469 transfuderis.

585 2514 838 2601 Magna
877 2513 1200 2603 quaedam
1240 2536 1352 2581 res
1385 2526 1516 2597 est,
1558 2518 1798 2597 fateor,
1841 2517 2127 2587 scientia
2163 2518 2573 2588 litterarum:
2613 2516 2739 2588 sed

585 2633 801 2703 maior
842 2631 1065 2701 virtus
1107 2631 1346 2712 animi,
1390 2633 1525 2701 etsi
1571 2643 1932 2725 utramque
1964 2658 2058 2705 ex
2101 2646 2166 2705 te
2200 2637 2582 2728 discipulus
2616 2636 2743 2706 do·

586 2753 734 2823 cilis
780 2773 1059 2844 sperare
1097 2760 1328 2842 queat.
1382 2753 1576 2823 Nosti
1631 2754 1979 2841 ingenium
2035 2754 2204 2843 quid
2253 2756 2501 2844 possit,
2558 2756 2737 2827 nosti

585 2872 834 2941 melius
877 2881 1233 2965 expertus.
1274 2874 1424 2963 Ego
1458 2872 1525 2942 id
1572 2894 1782 2941 unum
1827 2871 2016 2940 novi:
2062 2893 2436 2962 paucorum
2472 2896 2635 2944 esse
2661 2886 2740 2944 ut

583 2991 856 3062 litterati
902 2990 1097 3076 fiant,
1142 2994 1450 3063 omnium
1495 2991 1789 3074 utboni,
1836 2992 2042 3062 modo
2086 3013 2162 3062 se
2203 2991 2402 3062 bonis
2438 2993 2734 3063 ducibus

587 3112 968 3183 exhibeant
1005 3113 1495 3206 obsequentes.
1540 3111 1990 3185 Fastidiosior
2031 3113 2310 3205 quidem
2350 3122 2463 3184 est
2514 3113 2740 3184 scien-

588 3233 680 3303 tia
716 3256 924 3326 quam
960 3234 1204 3306 virtus.
1242 3235 1415 3306 Cum
1453 3235 1543 3308 sit
1577 3237 1690 3306 illa
1734 3234 2043 3319 nobilior,
2081 3256 2457 3339 paucorum
2495 3235 2742 3325 digna-

589 3365 700 3424 tur
747 3355 1049 3446 ingenia;
1092 3357 1205 3427 illa
1245 3358 1499 3428 nullius
1543 3357 1849 3429 animum
1889 3356 2296 3442 contemnit,
2342 3358 2473 3428 nisi
2518 3380 2556 3429 a
2597 3378 2740 3449 quo

588 3474 782 3569 prius
823 3485 1214 3569 contempta
1255 3491 1386 3549 est.
1430 3480 1622 3550 Vale.

870 3622 1107 3690 Patavii,
1139 3621 1238 3677 VII
1270 3622 1391 3677 Kal.
1425 3622 1684 3693 Aprilis>
