3104 4805
540 398 577 457 2
1218 401 1523 452 smsrom
1561 402 1644 449 An
1679 400 2018 450 Pos'rsnos.

542 555 717 622 inter
755 547 1125 622 candidum
1164 555 1236 616 et
1277 544 1716 635 subnigram,
1761 544 2127 615 vivacibus
2169 545 2389 616 oculis
2429 555 2502 615 et
2543 546 2703 617 visu

541 696 665 767 per
703 674 985 762 longum
1027 679 1300 760 tempus
1342 667 1705 749 acerrimo,
1754 666 1872 757 qui
1913 676 2169 757 praeter
2212 687 2435 758 spem,
2493 688 2705 760 supra

543 793 1059 884 sexagesimum
1099 790 1328 861 aetatis
1371 811 1629 859 annum
1668 810 1780 858 me
1815 788 2158 873 destituit,
2203 798 2282 858 ut
2322 791 2704 881 indignanti

542 915 711 984 mihi
751 914 840 984 ad
879 911 1261 984 ocularium
1310 908 1846 999 confugiendum
1897 920 2087 979 esset
2133 911 2493 981 auxilium.
2537 911 2706 981 Tota

544 1042 749 1105 aetate
815 1033 1264 1104 sanissimum
1328 1051 1583 1121 corpus
1649 1038 1968 1136 senectus
2029 1030 2317 1115 invasit,
2379 1040 2450 1100 et
2508 1032 2706 1101 solita

544 1154 942 1226 morborum
983 1152 1127 1223 acie
1166 1150 1641 1220 circumvenit.
1696 1150 2022 1220 Honestis
2066 1150 2500 1243 parentibus,
2550 1151 2707 1222 Flo-

545 1277 830 1347 rentinis
871 1274 1160 1364 origine,
1206 1275 1481 1341 fortuna
1519 1270 1849 1341 mediocri
1890 1281 1960 1341 et
2005 1270 2119 1364 (ut
2165 1293 2410 1342 verum
2451 1273 2701 1366 fatear)

546 1399 636 1469 ad
674 1396 974 1488 inopiam
1014 1401 1374 1483 vergente,
1422 1392 1546 1462 sed
1587 1393 1810 1484 patria
1849 1394 2101 1484 pulsis,
2147 1391 2357 1462 Aretii
2394 1394 2463 1461 in
2494 1395 2705 1463 exilio

545 1528 753 1590 natus
796 1538 978 1598 sum,
1023 1535 1202 1588 anno
1244 1513 1454 1584 huius
1508 1514 1738 1584 aetatis
1792 1515 2081 1598 ultimae,
2127 1533 2286 1605 quae
2337 1535 2378 1585 a
2428 1512 2706 1584 Christo

547 1639 796 1730 incipit,
824 1653 1159 1706 u.ccc.1111.
1187 1635 1300 1707 die
1326 1635 1571 1719 Lunae,
1603 1636 1694 1707 ad
1718 1657 2040 1706 auroram
2066 1652 2204 1704 xm.
2226 1635 2364 1706 Cal.
2384 1633 2704 1725 Augusti.

548 1758 960 1831 Divitiarum
999 1765 1427 1850 contemptor
1463 1756 1800 1839 eximius,
1839 1779 1978 1829 non
2020 1757 2208 1847 quod
2248 1757 2529 1829 divitias
2571 1779 2708 1828 non

548 1889 887 1973 optarem,
935 1880 1061 1952 sed
1101 1878 1372 1954 labores
1423 1899 1771 1970 curasque
1810 1878 2123 1962 oderam,
2168 1900 2381 1971 opum
2422 1880 2709 1950 comites

551 1998 1066 2093 inseparabiles,
1126 2002 1278 2073 Non
1329 2009 1407 2074 ut
1454 2001 1592 2072 ista
1640 2023 1810 2072 cura
1872 2008 2063 2072 esset
2131 1997 2304 2093 (sic),
2367 2003 2711 2073 lautarum

550 2124 837 2195 facultas
877 2126 1271 2216 epularum:
1311 2142 1443 2210 ego
1484 2130 1716 2191 autem
1771 2123 1956 2193 tenui
1997 2122 2185 2193 victu
2224 2132 2294 2193 et
2334 2122 2508 2193 cibis
2559 2125 2716 2193 vul-

553 2245 837 2334 garibus
875 2245 1089 2318 vitam
1123 2244 1236 2332 egi
1271 2241 1501 2311 laetius
1537 2262 1750 2331 quam
1784 2264 1942 2311 cum
1977 2244 2547 2335 exquisitissimis
2588 2242 2714 2315 da—

553 2365 757 2460 pibus
791 2385 1030 2438 omnes
1064 2361 1286 2455 Apicii
1328 2382 1792 2434 successores.
1824 2361 2159 2436 Convivia
2192 2386 2355 2455 quae
2389 2364 2714 2438 dicuntur

556 2488 748 2580 (cum
792 2489 930 2557 sint
968 2484 1582 2559 commessationes
1632 2483 1994 2555 modestiae
2041 2493 2112 2555 et
2157 2484 2359 2558 bonis
2400 2487 2712 2560 moribus

553 2604 883 2695 inimicae)
925 2626 1196 2696 semper
1229 2605 1398 2674 mihi
1432 2604 1970 2696 displicuerunt·,
2002 2606 2425 2678 laboriosum
2457 2618 2530 2678 et
2562 2610 2716 2679 inu-

554 2728 669 2797 tile
710 2734 903 2796 ratus
948 2745 1106 2795 sum
1148 2726 1238 2797 ad
1279 2726 1465 2795 hunc
1516 2723 1725 2794 finem
1774 2747 2026 2796 vocare
2068 2725 2270 2807 alioS‚
2315 2748 2440 2796 nec
2481 2728 2712 2797 minus

555 2845 645 2916 ab
684 2846 836 2917 aliis
877 2846 1133 2917 vocari.
1181 2845 1567 2917 Convivere
1615 2854 1846 2915 autem
1887 2868 2046 2916 cum
2100 2846 2340 2917 amicis
2383 2845 2559 2916 adeo
2607 2847 2714 2916 iu-

553 2967 890 3051 cundum,
945 2977 1023 3038 ut
1070 2989 1313 3038 eorum
1371 2974 1801 3057 superventu
1852 2967 1947 3036 nil
1998 2965 2263 3055 gratius
2316 2964 2708 3047 habuerim,

556 3109 682 3158 nec
716 3109 1020 3178 unquam
1055 3089 1331 3171 volenS,
1371 3086 1521 3158 sine
1564 3087 1751 3158 socio
1782 3085 2015 3159 cibum
2056 3085 2498 3178 sumpserim.
2532 3086 2713 3157 Nihil

559 3206 725 3276 mihi
782 3207 1006 3296 magis
1065 3229 1273 3298 quam
1334 3229 1588 3299 pompa
1646 3208 2004 3299 displicet,
2066 3228 2205 3277 non
2272 3208 2496 3277 solum
2553 3207 2718 3297 quia

559 3328 739 3397 mala
775 3335 847 3397 et
884 3327 1252 3401 humilitati
1292 3329 1662 3414 contraria,
1711 3330 1838 3401 sed
1876 3329 2041 3421 quia
2074 3328 2367 3400 difficilis
2400 3337 2472 3397 et
2505 3327 2720 3419 quieti

559 3448 859 3520 adversa
896 3458 1027 3519 est.
1069 3449 1325 3521 Amore
1359 3450 1726 3535 acerrimo,
1766 3451 1892 3523 sed
1932 3451 2135 3522 unico
2175 3460 2245 3522 et
2284 3450 2609 3533 honesto,
2653 3448 2722 3517 in

559 3570 1020 3642 adolescentia
1069 3560 1410 3655 laboravi,
1453 3581 1525 3643 et
1591 3571 1857 3644 diutius
1891 3570 2345 3655 laborassem,
2399 3572 2535 3643 nisi
2585 3572 2721 3643 iam

562 3701 1023 3782 tepescentem
1072 3693 1304 3783 ignem
1367 3714 1558 3765 mors
1610 3692 1890 3777 acerba,
1939 3694 2064 3767 sed
2112 3694 2326 3777 utilis,
2378 3693 2724 3763 extinxis-

563 3820 688 3881 set.
726 3810 1124 3885 Libidinum
1158 3836 1269 3883 me
1302 3835 1593 3906 prorsus
1629 3823 1988 3906 expertem
2021 3814 2252 3885 dicere
2286 3833 2496 3904 posse
2529 3820 2723 3902 opta-

564 3950 709 3999 rem
736 3932 1050 4022 quidem;
1081 3935 1221 4019 sed,
1256 3935 1315 4006 si
1349 3936 1594 4019 dicam,
1625 3937 1948 4018 mentiar;
1976 3936 2108 4007 hoc
2137 3955 2378 4007 secure
2404 3932 2716 4013 dixerim,

564 4070 696 4132 me,
742 4073 1137 4145 quanquam
1188 4058 1462 4127 fervore
1519 4057 1764 4128 aetatis
1821 4066 1892 4126 et
1949 4054 2445 4149 complexionis
2504 4049 2594 4121 ad
2653 4052 2720 4122 id

565 4179 854 4262 raptum,
890 4173 1217 4246 vilitatem
1254 4177 1435 4249 illam
1474 4187 1701 4251 tamen
1738 4199 2010 4269 semper
2043 4177 2272 4249 animo
2296 4182 2718 4245 execratum.
