3104 4805
951 392 1135 441 Lman
1178 391 1953 444 ssscunnus.-Er1srom
1997 398 2096 444 vu.
2488 389 2601 449 115

437 536 693 610 ablata:
758 539 817 606 si
883 558 1054 609 vero
1116 539 1426 610 animum
1495 540 1812 634 respicis,
1880 546 2115 616 nullus
2179 565 2341 616 eum
2408 549 2601 618 locus

439 660 718 753 stringit
757 669 879 730 aut
916 661 1112 732 laxat
1161 672 1532 754 angustus:
1588 672 1660 734 et
1710 663 1863 735 sive
1914 664 2003 762 ad
2053 669 2308 739 coelum
2360 692 2605 741 ascen-

437 783 770 867 dendum,
818 783 970 855 sive
1012 784 1101 854 ad
1143 783 1401 855 inferos
1443 783 2016 858 descendendum
2061 789 2176 874 sit,
2222 789 2606 862 undecum-

437 930 572 1002 que
625 906 982 992 discedat,
1037 928 1219 977 unus
1266 917 1376 978 est
1428 906 1645 978 labor.
1716 909 1853 979 Sed
1899 909 2101 982 dulce
2152 921 2264 983 est
2318 935 2604 985 suorum

441 1030 758 1102 manibus
802 1029 1102 1124 sepeliri.
1146 1030 1485 1114 Quaedam
1532 1030 1764 1103 dulcia
1803 1033 1962 1103 facit
2010 1055 2149 1104 non
2201 1033 2451 1107 insitus
2496 1058 2609 1106 sa-

441 1176 592 1247 por,
637 1150 763 1225 sed
805 1160 1174 1246 corruptus
1216 1151 1787 1224 manducantium
1841 1166 2116 1247 gustus.
2170 1155 2354 1239 Quid
2405 1154 2606 1227 dulce

440 1273 665 1346 dicitis
719 1285 846 1360 aut⁸
885 1274 1056 1344 nihil
1111 1274 1461 1359 sentienti,
1520 1287 1643 1346 aut
1692 1298 1897 1347 omne
1951 1277 2350 1350 huiusmodi
2400 1279 2608 1351 obse-

441 1398 679 1491 quium
719 1395 1234 1471 contemnenti?
1275 1397 1423 1468 Una
1464 1399 1774 1468 omnium
1827 1408 1966 1485 est,
2024 1410 2102 1472 ut
2152 1402 2242 1474 ad
2291 1403 2611 1497 proposi-

445 1531 587 1591 tum
630 1520 941 1605 redeam,
988 1520 1508 1613 expectantium
1545 1521 1876 1605 conditio;
1913 1522 2080 1594 dum
2116 1534 2414 1595 ventura
2450 1547 2611 1620 pro·

445 1643 762 1737 spiciunt,
807 1664 971 1735 quae
1028 1651 1192 1713 sunt
1241 1653 1399 1715 ante
1468 1645 1709 1717 oculos
1761 1665 1902 1715 non
1950 1645 2224 1729 vident3
2276 1645 2609 1717 damnum
2720 1737 2737 1746 ν

446 1775 708 1837 certum
752 1764 887 1837 sub
925 1765 1251 1857 ambigua
1307 1788 1453 1860 spe.
1508 1770 1676 1838 Haec
1730 1767 2013 1859 quidem
2078 1769 2317 1862 utique
2386 1779 2612 1840 trans—

445 1897 640 1958 eunt:
683 1886 797 1957 illa
838 1897 1069 1958 autem
1114 1910 1273 1958 raro
1312 1889 1515 1983 plena
1558 1886 1695 1959 fide
1725 1889 2123 1961 succedunt.
2154 1888 2382 1974 Adde,
2421 1891 2612 1983 quod

449 2011 559 2079 vel
599 2031 1036 2103 supervacua
1074 2013 1217 2082 fere
1258 2021 1421 2083 sunt
1458 2014 1578 2081 vel
1617 2010 1985 2097 damnosa,
2030 2023 2101 2083 et
2140 2014 2212 2083 in
2246 2021 2454 2107 caput
2487 2034 2616 2083 no-

450 2141 668 2203 strum
728 2155 1058 2205 recasura
1110 2155 1272 2227 quae
1320 2134 1673 2227 cupimus;
1737 2144 1814 2206 ut
1866 2135 2045 2206 sicut
2112 2156 2298 2230 saepe
2356 2136 2612 2208 reiecta

451 2255 853 2348 indignatio,
900 2257 999 2329 sic
1041 2256 1132 2328 ad
1172 2256 1441 2328 libitum
1483 2266 1842 2351 provecta,
1898 2259 2013 2328 vel
2064 2256 2442 2343 fastidium,
2500 2260 2613 2329 vel

452 2376 831 2474 improvisa
906 2379 1243 2474 pernicies
1312 2388 1667 2473 sequatur.
1735 2377 1985 2451 Abduc
2064 2378 2274 2470 igitur
2335 2400 2610 2451 omnem

354 2522 358 2526 ’
453 2522 675 2595 spem,
719 2523 923 2572 omne
966 2502 1392 2574 desiderium
1434 2512 1677 2573 averte
1715 2501 1806 2572 ab
1847 2502 1957 2572 1113
1987 2501 2351 2573 fallacibus
2388 2500 2613 2573 bonis.

454 2622 677 2717 Incipe
719 2612 936 2695 unum
981 2625 1235 2710 solum,
1304 2635 1376 2695 et
1439 2647 1721 2711 verum,
1788 2634 1860 2696 et
1925 2647 2279 2696 summum
2346 2624 2609 2695 bonum

454 2756 717 2842 optare,
763 2746 822 2818 si
865 2758 1098 2817 tamen
1139 2768 1368 2839 usque
1410 2745 1499 2818 ad
1547 2747 1728 2818 hanc
1780 2757 2055 2817 aetatem
2110 2769 2255 2817 rem
2306 2746 2618 2840 apprime

456 2870 925 2941 necessariam
960 2869 1312 2941 distulisti.
1352 2871 1545 2940 Tunc
1581 2869 2016 2941 discurrendi
2051 2868 2263 2939 libido
2290 2866 2613 2950 cessabit,

456 3003 525 3063 et
562 2992 800 3064 odium
840 2992 1175 3084 longioris
1217 3013 1462 3062 morae:
1509 3000 1657 3061 tum
1690 3012 1861 3062 vero
1899 3012 2039 3061 non
2075 2988 2284 3061 modo
2322 2988 2616 3071 Nicaeae,

460 3113 724 3207 sed,(si
768 3115 861 3186 ita
902 3135 1057 3185 sors
1100 3112 1362 3207 tulerit)
1406 3113 1586 3184 inter
1635 3111 1937 3207 Libycas
1993 3113 2238 3209 Syrtes
2283 3111 2433 3182 sine
2475 3132 2624 3182 mo-

459 3236 662 3308 lestia
703 3236 947 3321 stabis,
994 3236 1209 3308 rebus
1265 3238 1404 3308 tuis
1457 3249 1850 3322 contentus,
1907 3235 2216 3329 nihilque
2270 3233 2461 3306 aliud
2518 3254 2628 3302 re—

462 3358 767 3452 quirens.
794 3359 989 3430 Dicet
1012 3359 1293 3452 aliquis:
1323 3360 1667 3454 numquid
1691 3361 1861 3433 illud
1891 3361 2134 3431 saltem
2169 3378 2405 3441 unum,
2435 3353 2626 3447 quod

461 3503 836 3573 memoraS,
881 3482 1143 3554 bonum
1193 3484 1709 3577 expectandum
1760 3481 1913 3566 erit,
1959 3492 2037 3553 ut
2076 3498 2393 3574 praesens
2442 3496 2629 3569 prae-

464 3605 642 3676 senti
683 3603 942 3697 gaudio
975 3603 1490 3676 desiderantem
1526 3603 1829 3674 animam
1865 3603 2192 3695 impleat?
2223 3597 2526 3668 Minime.
2557 3597 2628 3666 Si

341 3706 346 3707 ⁷
460 3730 646 3800 enim
673 3732 874 3824 plene
899 3728 1300 3811 desideraS‚
1334 3728 1392 3798 si
1430 3736 1694 3809 sancte,
1737 3725 1796 3796 si
1851 3722 2081 3795 sobrie
2126 3719 2349 3814 (aliter
2373 3716 2628 3811 quippe

468 3859 658 3922 tanta
705 3873 817 3923 res
867 3851 1091 3947 optari
1131 3871 1271 3921 non
1321 3848 1573 3943 potest)
1636 3848 1773 3918 iam
1823 3844 2012 3941 quod
2061 3840 2353 3939 petebas
2400 3849 2629 3911 tecum

467 3983 599 4045 est.
644 3974 838 4045 Intus
876 3975 951 4047 in
990 3971 1224 4044 anima
1264 3971 1457 4042 illum
1499 3993 1710 4065 quem
1752 3967 2289 4061 diligis-quaere,
2334 3975 2406 4035 et
2437 3963 2636 4034 inve-

463 4098 654 4182 nies3
696 4119 838 4169 non
877 4108 1024 4182 est,
1069 4106 1146 4167 ut
1183 4117 1268 4167 eo
1309 4095 1627 4191 potiariS,
1672 4092 1987 4166 exterius
2038 4087 2505 4181 evagandum.
2547 4085 2637 4154 Et

473 4218 532 4291 si
570 4219 744 4314 quid
786 4220 962 4291 forte
1005 4226 1220 4290 restat
1261 4216 1519 4303 adhuc,
1568 4215 1754 4310 quod
1795 4213 2093 4309 amplius
2132 4209 2312 4283 velis
2357 4219 2477 4281 aut
2516 4227 2639 4276 cu-
