3104 4805
558 397 675 459 360
1221 407 1303 454 mi:
1345 406 1546 456 annus
1590 406 2032 456 Fauuifflmus

554 565 822 651 partem
863 556 994 625 iste
1034 561 1264 623 tantus
1304 553 1430 622 Dei
1470 553 1667 624 favor
1706 554 1922 623 multo
1972 550 2379 646 propensior
2429 552 2707 622 futurus

555 679 803 749 esset?
842 675 1091 775 Confer
1130 674 1313 745 enim
1354 697 1512 746 cum
1557 673 1666 744 his
1706 673 1930 744 tribus
1972 672 2256 744 senibus
2302 684 2442 744 tam
2494 676 2710 746 famo-

557 802 680 884 sis,
723 819 1022 890 cumque
1062 796 1384 869 omnibus
1435 798 1705 869 illorum
1759 796 2093 889 gregibus
2144 805 2351 889 atque
2400 797 2706 888 coniugi-

554 922 716 1006 bus,
771 932 914 992 tres
956 920 1314 992 immensis
1373 919 1802 992 exercitibus
1854 919 2194 991 subnixos
2243 920 2705 990 Romanorum

554 1045 799 1128 duoes3
825 1040 1214 1140 Scipionem
1255 1041 1649 1115 Africanum
1683 1042 2085 1114 Hannibalis
2116 1064 2373 1114 cornua
2412 1041 2707 1113 confrin-

555 1177 858 1259 gentem,
901 1174 974 1236 et
1014 1164 1373 1243 tributario
1412 1166 1579 1258 iugo
1627 1165 2020 1259 imperiosae
2060 1164 2496 1258 Carthaginis
2533 1165 2707 1236 colla

555 1288 1014 1371 subdentem;
1066 1288 1395 1380 Magnum
1436 1288 1843 1381 Pompeium
1883 1289 1953 1358 in
1997 1289 2462 1383 septentrione
2500 1297 2706 1381 atque

554 1409 722 1481 Asia
763 1418 1145 1493 tonantem,
1215 1420 1286 1481 et
1338 1433 1476 1482 non
1516 1413 1693 1483 lacte
1747 1411 1874 1483 sed
1925 1432 2097 1483 auro
2147 1411 2407 1503 repleta
2456 1410 2703 1503 patria,

554 1534 912 1628 captisque
944 1555 1083 1605 non
1116 1533 1351 1605 ovium
1385 1533 1511 1604 sed
1537 1557 1785 1627 regum
1810 1533 2161 1627 gregibuS,
2208 1556 2248 1604 a
2288 1534 2459 1604 mari
2500 1532 2710 1603 rubro

558 1657 649 1729 ad
690 1655 1055 1728 Maeotidas
1117 1655 1403 1750 paludes
1465 1656 1980 1750 Rhiphaeosque
2046 1665 2315 1726 montes
2380 1655 2710 1725 universa

556 1782 968 1861 calcantem3
1021 1779 1262 1850 Iulium
1306 1780 1653 1852 Caesarem
1707 1779 1773 1848 in
1826 1775 2059 1849 Galliis
2100 1788 2309 1870 atque
2349 1776 2714 1848 Germania

556 1904 1053 1989 fulminantem,
1091 1903 1639 1998 perdomitisque
1679 1902 2031 1987 hostibuS,
2067 1902 2157 1973 ad
2189 1909 2616 1994 postremum
2643 1900 2713 1970 in

558 2027 831 2097 viscera
871 2025 1117 2120 patriae
1157 2026 1466 2098 victricia
1506 2010 1645 2122 pila
1685 2035 2095 2109 vertentem,
2165 2024 2527 2117 ipsamque
2568 2032 2712 2093 tum

561 2148 887 2242 gentibus
923 2148 1372 2242 imperantem
1400 2150 1719 2234 Romam,
1762 2158 1833 2219 et
1873 2150 1941 2218 in
1982 2169 2066 2219 ea
2107 2132 2450 2218 terrarum
2476 2146 2715 2220 orbem

564 2274 767 2344 unico
806 2271 1209 2343 Thessalico
1235 2271 1472 2365 praelio
1515 2273 1930 2345 vincentem.
1960 2274 2233 2368 Quanta
2257 2272 2538 2365 quidem
2566 2270 2719 2342 haec

567 2397 656 2469 sit
691 2393 1045 2488 imparitas
1072 2418 1305 2467 rerum
1341 2395 1568 2468 vides.
1596 2398 1873 2476 Poterat
1897 2395 2294 2469 nasciturus
2320 2419 2414 2468 ex
2440 2395 2719 2468 homine

565 2519 687 2590 Dei
727 2517 970 2600 Filius,
1016 2519 1125 2587 vel
1169 2539 1264 2587 ex
1327 2517 1439 2588 his
1506 2519 1729 2604 nasci,
1799 2522 1911 2590 vel
1962 2542 2086 2593 eos
2139 2518 2329 2612 ipsos
2380 2541 2421 2590 e
2462 2517 2717 2611 quibus

563 2641 755 2711 nasci
807 2637 1244 2722 decreverat,
1315 2641 1484 2709 tales
1552 2641 1798 2713 facere.
1866 2642 2136 2735 Quippe
2201 2644 2319 2737 qui
2385 2651 2720 2735 utrosque

560 2768 946 2844 creaverat,
976 2769 1245 2856 poterat
1269 2781 1403 2831 non
1430 2761 1658 2832 David
1684 2762 1754 2830 in
1787 2763 2111 2852 angustis
2147 2763 2406 2835 Iudaeae
2439 2762 2714 2847 finibuS,

566 2884 691 2955 sed
737 2883 1130 2976 Augustum
1182 2884 1251 2954 in
1304 2893 1445 2955 toto
1494 2881 1664 2956 orbe
1710 2893 2114 2974 regnantem
2168 2884 2425 2954 habere
2478 2885 2715 2977 stirpis

564 3017 956 3090 auctorem;
1006 3010 1122 3078 vel
1169 3006 1396 3079 David
1445 3007 1672 3101 ipsum
1724 3014 1986 3076 tantum
2053 3004 2428 3099 principem
2486 3006 2713 3074 facere

565 3139 903 3224 quantum
931 3131 1090 3203 fecit
1114 3129 1532 3223 Augustum.
1572 3131 1845 3202 Poterat
1876 3149 2013 3198 non
2055 3126 2125 3198 in
2162 3126 2515 3230 Bethleem
2557 3126 2714 3196 vico

567 3253 854 3346 exiguo,
902 3253 1024 3326 sed
1065 3255 1331 3337 Romae,
1370 3253 1480 3324 cui
1516 3253 1754 3324 Iudaea
1797 3251 1974 3322 inter
2006 3260 2301 3322 caeteras
2343 3249 2714 3333 serviebat,

570 3384 641 3447 et
678 3376 745 3446 in
782 3377 1090 3447 thalamo
1129 3397 1342 3448 aureo
1381 3374 1604 3460 nasci,
1658 3395 1795 3445 non
1845 3373 1915 3442 in
1957 3373 2248 3446 stabulo.
2284 3374 2560 3444 Poterat
2596 3393 2721 3443 na-

570 3508 703 3584 tus,
732 3499 843 3570 cui
868 3501 1122 3572 coelum
1164 3498 1368 3571 sedes
1402 3508 1547 3582 est,
1586 3498 1770 3567 cuius
1796 3508 1857 3566 et
1885 3507 2061 3567 terra
2094 3507 2156 3565 et
2189 3493 2530 3589 plenitudo
2562 3497 2718 3578 eius,

572 3643 710 3692 non
751 3621 820 3692 in
865 3643 1142 3694 summa
1181 3622 1537 3716 pauperie,
1571 3619 1792 3693 sedin
1821 3622 2112 3693 summis
2153 3619 2419 3691 deliciis
2460 3618 2724 3691 enutri-

571 3743 672 3828 ri;
720 3744 856 3815 nisi
905 3746 1093 3838 quod
1142 3744 1566 3817 nobilitatem
1633 3754 1705 3814 et
1761 3742 2046 3816 delicias
2114 3753 2393 3815 nostras
2436 3742 2718 3835 spernit.

573 3865 843 3938 Utinam
869 3877 941 3938 et
964 3889 1102 3939 non
1134 3867 1391 3939 oderit!
1432 3870 1794 3940 Postremo
1828 3876 2124 3960 poterat,
2163 3865 2280 3960 qui
2304 3866 2366 3937 ei
2396 3865 2723 3937 succede—

573 3999 729 4060 rent
765 4010 1107 4084 suumque
1144 4011 1398 4061 nomen
1437 3988 1764 4083 gentibus
1815 3988 2302 4083 praedicarent,
2345 3986 2721 4080 discipulos

575 4105 706 4176 sibi
744 4107 1111 4195 litteratoS,
1156 4134 1237 4184 ac
1269 4121 1586 4207 potentes
1630 4133 1860 4204 reges,
1904 4120 2356 4204 oratoresque
2393 4118 2465 4181 et
2501 4107 2723 4201 philo-

576 4227 863 4320 sophos;
890 4255 1025 4305 non
1067 4233 1471 4326 piscatores,
1517 4236 1841 4318 rusticos,
1880 4236 2117 4329 inopes
2151 4245 2224 4307 et
2260 4232 2572 4305 indoctos
2598 4228 2720 4300 eli-
