3104 4805
564 369 665 417 xvl

556 772 647 843 (s)-

556 950 656 1019 (g)-

555 1130 657 1201 (h)-

554 1490 637 1560 (i).

552 1666 654 1739 (k).

552 1844 639 1915 (1).

550 2286 655 2358 (n).

551 2555 649 2625 (ο).

550 2821 653 2893 (p)-

551 2998 653 3070 (q)-

550 3448 642 3518 (S)-

551 3803 638 3874 (t).

550 4157 654 4228 (¹¹)-

1382 371 1906 421 PROLEGOMENON.

1050 510 1292 580 primum
1323 509 1613 565 Francisco
1641 511 1884 566 Barbaro
1921 510 2047 565 dein
2084 510 2282 566 Jacobo
2316 512 2565 569 Morellio
2592 517 2708 571 viro

1050 599 1452 668 eruditiss-imm
1509 602 1863 673 continetque
1918 601 2127 656 litteras
2179 602 2457 672 sexaginta
2513 620 2706 658 novem

1051 704 1289 759 quarum
1318 688 1506 743 multae
1533 688 1755 743 ineditae
1782 694 1930 743 sunt.

935 774 1067 829 Cod.
1108 774 1385 844 LXXXV,
1426 774 1506 830 Cl.
1548 775 1642 830 VI.
1682 775 2052 831 Membranac.
2094 778 2229 832 Saec.
2270 778 2416 834 XIV.
2458 780 2711 836 Continet

1045 863 1191 916 inter
1217 864 1323 917 alia
1349 864 1623 918 Petrarcae
1652 881 1818 936 opera
1844 865 2055 920 litteras
2081 866 2199 921 eius
2227 868 2369 922 Sine
2397 869 2583 925 titula.

935 950 1067 1005 Cod.
1119 951 1509 1023 CCCXXXIV,
1558 953 1730 1008 Class.
1779 955 1925 1010 XIV.
1965 956 2336 1013 Membranac.
2377 959 2513 1014 Saec.
2561 959 2704 1014 XIV.

1048 1041 1226 1097 Habet
1252 1043 1462 1097 litteras
1490 1044 1609 1098 sine
1638 1045 1797 1099 titulo
1823 1046 2014 1116 viginti
2040 1053 2094 1102 et
2120 1064 2311 1102 unam.

938 1131 1107 1186 Codd.
1168 1132 1487 1187 CCXXXIX
1548 1138 1605 1188 et
1667 1133 1966 1205 CCXXXI‚
2024 1135 2195 1192 Class.
2250 1136 2394 1192 XIV.
2453 1136 2702 1192 Chartae.

1047 1222 1182 1275 Saec.
1208 1221 1334 1289 XV;
1358 1238 1599 1293 quorum
1627 1224 1768 1277 alter
1795 1224 1964 1294 duas,
1986 1225 2126 1279 alter
2144 1226 2331 1298 plures
2357 1227 2566 1282 litteras
2582 1243 2705 1281 con-

1043 1311 1208 1379 tinet,
1264 1326 1457 1365 omnes
1508 1316 1695 1366 tamen
1749 1319 1950 1384 praeter
1995 1330 2165 1369 unam
2211 1333 2278 1370 ex
2323 1316 2708 1372 Familiaribus

1046 1399 1253 1453 iamdiu
1281 1401 1547 1470 vulgatas.
1935 1472 1936 1479 ἵ

935 1488 1066 1542 Cod.
1111 1488 1348 1557 CCLIV,
1390 1489 1564 1543 Class.
1615 1490 1760 1544 XIV.
1810 1490 2061 1545 Chartae.
2103 1491 2238 1547 Saec.
2279 1494 2396 1547 XV.
2445 1493 2706 1548 Litteram

1047 1578 1214 1633 habet
1241 1578 1452 1633 iamdiu
1481 1579 1686 1633 editam
1718 1580 1865 1635 inter
1891 1581 2123 1636 Seniles.

931 1666 1065 1721 Cod.
1106 1667 1291 1737 XVII,
1332 1666 1412 1722 Cl.
1453 1668 1566 1722 XC.
1610 1668 1862 1724 Chartae.
1904 1671 2039 1726 Saec.
2091 1672 2210 1726 XV.
2260 1672 2508 1744 Integros
2553 1672 2702 1727 XVII

1045 1757 1315 1813 Senilium
1339 1758 1511 1813 libros
1538 1758 1940 1831 complectitur.

937 1843 1069 1898 Cod.
1118 1844 1346 1915 LXXX,
1396 1845 1477 1900 Cl.
1526 1846 1640 1901 XC.
1689 1846 2057 1902 Membranac.
2106 1850 2240 1903 Saec.
2282 1849 2398 1903 XV.
2448 1850 2702 1921 Quinque

1047 1933 1287 1987 continet
1323 1934 1534 1989 litteras
1570 1933 1778 1989 iamdiu
1813 1935 1987 1990 editas
2032 1942 2087 1990 et
2129 1936 2436 2006 fragmenta
2477 1936 2705 2007 insuper

1045 2020 1279 2073 aliarum
1307 2037 1431 2092 quae
1458 2022 1650 2076 itidem
1679 2022 1736 2077 in
1765 2024 1962 2094 vulgus
1989 2023 2262 2078 feruntur.
2415 2072 2422 2079 ,

927 2106 1059 2161 Cod.
1101 2107 1336 2176 CCLIV,
1376 2109 1457 2163 Cl.
1500 2111 1568 2163 X.
1612 2111 1860 2166 Chartae.
1903 2114 2039 2168 Saec.
2080 2114 2199 2168 XV.
2250 2113 2346 2168 Est
2381 2113 2439 2167 in
2474 2128 2540 2167 eo
2573 2127 2704 2184 pars

1044 2197 1210 2251 unius
1236 2197 1431 2251 litterae
1457 2198 1524 2250 4ae
1556 2197 1706 2252 Libri
1734 2199 1811 2266 V,
1841 2201 1927 2253 De
1951 2203 2068 2253 reb.
2099 2204 2244 2269 fam.

933 2286 1064 2340 Cod.
1096 2286 1227 2355 VII,
1257 2286 1337 2342 01.
1373 2287 1518 2342 XIV.
1551 2287 1737 2342 Chart.
1770 2289 1905 2342 Saec.
1948 2289 2064 2341 XV.
2098 2287 2364 2342 Litteram
2398 2288 2562 2343 habet
2596 2289 2701 2344 8¹⁰¹

1042 2376 1163 2432 Lib.
1195 2377 1323 2432 VIII
1351 2376 1504 2433 Fam.
1535 2394 1659 2450 quae
1684 2376 1788 2432 sub
1824 2376 2042 2432 initium
2078 2376 2262 2431 differt
2295 2376 2700 2450 aliquantulum

1044 2467 1113 2520 ab
1140 2483 1204 2520 ea
1228 2485 1352 2538 quae
1378 2469 1435 2521 in
1463 2468 1661 2538 vulgus
1688 2466 1911 2538 prodiit.

927 2554 1058 2609 Cod.
1091 2555 1533 2612 CCCCLXXVII.
1575 2557 1826 2612 Chartae.
1867 2563 2100 2611 exeunte
2136 2558 2273 2613 Saec.
2306 2558 2462 2628 XIV,
2489 2559 2576 2614 vel
2600 2559 2702 2613 XV

1042 2645 1267 2700 ineunte
1294 2648 1654 2719 conscriptus
1694 2647 1940 2701 Titulum
1977 2647 2170 2703 habet:
2203 2647 2578 2718 Epistolarum
2602 2647 2700 2703 Fa-

1044 2734 1342 2789 miliarium
1357 2778 1372 2805 ,
1402 2735 1555 2789 Libri
1581 2735 1679 2790 VI:
1706 2751 1899 2807 reapse
1917 2741 2103 2789 tamen
2122 2740 2243 2789 octo
2263 2737 2696 2808 comprehendit.

933 2821 1064 2875 Cod.
1106 2822 1369 2894 CCLXX,
1408 2824 1580 2881 Class.
1622 2825 1724 2895 VI,
1764 2826 1894 2879 Mss.
1937 2824 2058 2878 Ital.
2100 2825 2234 2879 Saec.
2269 2823 2412 2879 XVI.
2447 2825 2700 2880 Continet

1044 2912 1254 2968 litteras
1279 2919 1391 2967 tres
1415 2929 1585 2985 supra
1609 2912 1804 2984 viginti
1829 2911 1971 2984 typis
1999 2912 2206 2967 iamdiu
2233 2914 2502 2983 vulgatas.

934 2999 1066 3055 Cod.
1096 3001 1302 3071 LXIX,
1332 3001 1501 3057 Class.
1534 3003 1691 3072 XIV,
1719 3003 1852 3056 Saec.
1884 3001 2000 3056 XV.
2026 3002 2206 3057 Unam
2226 3008 2442 3057 tantum
2460 3004 2699 3058 litteram

1045 3092 1211 3147 habet
1236 3108 1469 3164 eamque
1496 3093 1720 3148 editam.

931 3180 1063 3234 Cod.
1088 3181 1254 3251 CXX,
1275 3181 1445 3236 ClasS.
1471 3181 1570 3250 XI,
1593 3181 1805 3237 Mss.1t.
1830 3182 1965 3236 Saec.
1991 3182 2106 3236 XV.
2131 3181 2396 3236 Litteram
2414 3181 2578 3236 habet
2595 3181 2698 3236 31·ιι

1044 3269 1196 3324 Libri
1223 3270 1354 3324 XIII
1384 3271 1674 3341 Senilium,
1704 3287 1936 3342 eamque
1964 3271 2177 3325 Aretini
2206 3271 2293 3325 cui
2321 3270 2410 3325 Fr.
2443 3271 2699 3326 Petrarca

1042 3360 1137 3414 illa
1163 3361 1463 3433 respondit.
1943 3423 1952 3436 ‚

930 3449 1184 3503 PATAvn.
1216 3449 1281 3504 In
1302 3449 1630 3505 bibliotheca
1649 3448 1948 3521 Capitulari
1968 3448 2136 3503 codex
2157 3453 2468 3503 asservatur
2485 3449 2697 3503 vivente

1042 3536 1223 3591 adhuc
1260 3535 1350 3591 Fr.
1392 3538 1651 3592 Petrarca
1678 3538 2047 3608 conscriptuS,
2077 3537 2173 3608 qui
2209 3542 2329 3590 octo
2366 3536 2576 3609 primos
2601 3535 2698 3589 Fa-

1042 3626 1341 3681 miliarium
1370 3626 1539 3681 libros
1565 3631 1620 3681 et
1644 3626 1873 3698 insuper
1898 3626 2137 3680 litteram
2157 3626 2400 3681 continet
2425 3626 2582 3695 Mam,
2613 3625 2698 3680 Li-

1044 3716 1129 3770 bri
1158 3717 1256 3772 XV
1283 3716 1437 3771 Fam.

933 3806 1223 3862 Auousu:
1241 3807 1645 3862 Tmnmonuu.
1669 3805 1733 3859 In
1753 3805 2081 3860 bibliotheca
2091 3805 2339 3861 Athenaei
2352 3804 2530 3859 Codex
2549 3809 2693 3872 extat

1044 3895 1336 3951 distinctus
1356 3910 1420 3951 n⁰
1438 3896 1563 3965 784,
1577 3895 1723 3950 unde
1742 3895 1821 3949 De
1841 3894 2038 3950 Sadius
2059 3893 2396 3966 deprompsit
2415 3885 2691 3962 ediditque

1041 3985 1250 4040 litteras
1286 4003 1318 4040 a
1354 3985 1642 4040 Francisco
1663 3985 1937 4048 ,Petrarca
1973 3984 2042 4039 ad
2071 3983 2355 4037 Nicolaum
2381 3979 2687 4034 Tribunum

924 4090 1259 4217 Βίωξὲἰῗῑίῖέ
1283 4163 1591 4233 Bodleyana
1616 4163 1672 4218 in
1698 4163 1899 4232 Anglia
1917 4161 2169 4218 Codicem
2188 4158 2354 4213 habet
2371 4158 2468 4229 qui
2483 4155 2692 4211 iamdiu
