3104 4805
633 347 710 407 46
1298 360 1383 406 ΒΕ
1424 359 1625 408 nauus
1671 359 2113 409 rAmmAmssus

633 534 759 583 seu
804 511 1369 605 respondendum
1421 510 1686 596 incidit,
1741 534 1864 603 pro
1904 512 2139 603 lingua
2177 523 2248 582 et
2314 535 2436 605 pro
2494 515 2782 587 auribus

631 656 803 705 usus
835 657 1011 705 sum.
1046 634 1267 705 Unum
1295 632 1506 724 igitur
1530 656 1627 704 ex
1651 657 1736 705 eo
1758 657 2047 706 numero
2070 634 2451 722 admiranS,
2489 651 2560 725 et
2590 639 2787 732 igna-

632 780 751 827 rus
787 779 1021 827 rerum
1055 765 1501 848 percontatus
1535 756 1916 847 virgiliano
1949 756 2063 828 illo
2096 758 2445 831 versiculo
2474 788 2486 828 :

1271 950 1427 1023 Quid
1461 952 1596 1014 vult
1629 969 1965 1017 concursus
1997 956 2071 1017 ad
2104 964 2376 1031 amnem,

949 1049 1185 1122 Quidve
1217 1055 1428 1127 petunt
1462 1049 1731 1113 animae‘?

632 1270 1043 1341 responsum
1071 1250 1333 1343 accepi:
1361 1251 1851 1321 Pervetustum
1882 1250 2110 1341 gentis
2138 1250 2342 1321 ritum
2368 1274 2547 1337 esse,
2572 1256 2782 1345 vulgo

632 1394 1045 1464 persuasum
1081 1371 1470 1465 praesertim
1504 1372 1835 1457 feminee,
1873 1396 2150 1445 omnem
2185 1374 2391 1445 totius
2418 1375 2579 1444 anni
2604 1379 2785 1448 cala·

630 1495 936 1567 mitatem
973 1494 1444 1566 imminentem
1497 1495 1766 1566 fluviali
1818 1495 1999 1567 illius
2052 1497 2191 1569 diei
2241 1497 2586 1569 ablutione
2619 1524 2783 1594 pur-

635 1615 814 1705 gari,
852 1626 922 1687 et
955 1616 1287 1712 deinceps
1313 1619 1577 1690 laetiora
1604 1620 1999 1690 succedere.
2041 1607 2277 1713 ltaque
2309 1621 2780 1693 lustrationem

631 1761 793 1810 esse
825 1764 1126 1813 annuam
1162 1741 1586 1814 inexhausto
1640 1764 1917 1836 semper
1968 1742 2200 1815 studio
2252 1747 2505 1815 cultam
2554 1749 2783 1817 colen-

632 1864 951 1957 damque.
971 1864 1082 1937 Ad
1103 1866 1256 1937 haec
1272 1889 1403 1959 ego
1420 1866 1792 1938 subridens
1808 1894 1822 1934 ι
1838 1867 1893 1936 O
1910 1865 2195 1936 nimium
2211 1866 2462 1954 felices,
2481 1868 2778 1962 inquam,

632 1988 854 2059 Rheni
889 1992 1169 2073 accolae,
1208 2014 1504 2083 quorum
1539 1991 1652 2062 ille
1678 1989 1997 2062 miserias
2027 2002 2302 2082 purgat:
2330 2003 2606 2065 nostras
2633 1993 2783 2086 qui-

633 2110 793 2181 dem
857 2134 985 2182 nec
1042 2111 1271 2182 Padus
1331 2136 1637 2204 unquam
1690 2113 1907 2186 valuit
1963 2137 2286 2207 purgare,
2349 2137 2478 2184 nec
2536 2116 2780 2185 Tibris.

629 2236 775 2305 Vos
812 2244 1051 2304 vestra
1083 2235 1264 2303 mala
1288 2232 1654 2318 Britannis,
1683 2237 1928 2308 Rheno
1959 2249 2257 2323 vectore,
2289 2236 2780 2321 transmittitis;

635 2378 763 2426 nos
818 2366 1055 2426 nostra
1117 2354 1414 2427 libenter
1469 2354 1656 2426 Afris
1714 2367 1921 2449 atque
1980 2359 2268 2453 Illyricis
2328 2360 2779 2432 mitteremus.

632 2478 771 2546 Sed
804 2477 1004 2547 nobis
1037 2476 1138 2571 (ut
1160 2476 1448 2567 intelligi
1481 2477 1708 2572 datur)
1740 2479 2041 2571 pigriora
2068 2491 2230 2550 sunt
2255 2480 2558 2554 flumina.
2587 2484 2787 2554 Com—

632 2607 815 2666 moto
851 2598 1023 2682 risu,
1063 2621 1224 2669 sero
1258 2598 1536 2669 tandem
1572 2600 1733 2670 inde
1767 2600 2247 2673 discessimus.
2284 2604 2630 2676 Proximis
2664 2605 2788 2677 ali-

630 2729 801 2809 quot
832 2719 1078 2791 diebus
1107 2745 1148 2792 a
1174 2744 1379 2792 mane
1405 2721 1494 2793 ad
1521 2701 1891 2812 vesperam
1926 2723 2273 2793 civitatem
2309 2723 2556 2793 iisdem
2591 2727 2786 2796 duci-

634 2839 768 2912 bus
822 2843 1211 2915 circumivi:
1256 2844 1443 2915 haud
1476 2843 1925 2914 iniucundum
1977 2843 2416 2928 exercitium,
2457 2867 2593 2915 non
2644 2856 2780 2917 tam

631 2966 721 3036 ob
754 2966 824 3036 id
858 2966 1047 3059 quod
1082 2978 1242 3040 ante
1275 2969 1511 3039 oculos
1547 2977 1722 3052 erat,
1762 2988 1968 3058 quam
2004 2966 2479 3036 recordatione
2511 2979 2784 3040 nostro-

634 3112 786 3159 rum
822 3091 1187 3175 maiorum,
1226 3089 1345 3182 qui
1382 3099 1519 3161 tam
1556 3090 1792 3181 procul
1827 3112 1867 3159 a
1900 3088 2122 3181 patria
2155 3098 2598 3160 monumenta
2648 3092 2784 3161 Ro-

628 3233 855 3281 manae
890 3212 1167 3282 virtutis
1197 3222 1334 3284 tam
1362 3211 1655 3283 illustria
1682 3211 2148 3305 reliquissent.
2176 3213 2251 3281 In
2278 3211 2516 3305 primis
2552 3223 2779 3286 autem

629 3334 1037 3405 occurrebat
1069 3335 1345 3406 Marcus
1381 3332 1692 3428 Agrippa
1724 3335 2013 3407 coloniae
2046 3335 2227 3408 illius
2263 3346 2516 3421 auctor,
2555 3338 2675 3430 qui
2708 3337 2789 3406 li-

629 3468 742 3528 cet
771 3459 988 3529 multa
1017 3456 1230 3542 domi,
1269 3460 1484 3530 multa
1507 3459 1673 3538 foris
1701 3463 2035 3552 praeclara
2059 3459 2551 3544 construxerit,
2604 3460 2784 3531 illam

635 3590 865 3653 tamen
893 3604 990 3652 ex
1013 3581 1338 3652 omnibus
1369 3581 1654 3674 dignam
1682 3582 1976 3666 censuit,
2016 3581 2128 3653 cui
2155 3605 2359 3658 suum
2385 3605 2635 3655 nomen
2661 3583 2789 3653 im-

630 3715 948 3796 poneret,
990 3703 1371 3777 aedificator
1401 3727 1483 3777 ac
1514 3705 1808 3777 bellator
1842 3705 2199 3797 egregiuS,
2236 3700 2648 3799 dignusque
2667 3707 2786 3777 ha-

632 3823 837 3912 bitus,
858 3852 1068 3920 quem
1096 3828 1459 3921 Augustus
1486 3829 1557 3900 in
1585 3852 1923 3921 generum
1949 3851 2043 3899 ex
2069 3838 2212 3900 toto
2237 3828 2405 3900 orbe
2429 3829 2779 3919 deligeret,

634 3947 1156 4045 qualiscumque
1190 3951 1353 4023 filiae
1380 3951 1610 4023 virum
1639 4010 1654 4037 ,
1694 3953 1822 4023 sed
1854 3951 2152 4036 dilectae,
2195 3952 2322 4023 sed
2357 3952 2615 4033 unicae,
2655 3950 2783 4019 sed
2835 3931 2838 3934 ¹

634 4079 976 4157 augustae.
1004 4073 1163 4144 Vidi
1189 4084 1291 4147 tot
1318 4074 1524 4146 simul
1549 4085 1793 4146 trunca
1815 4049 2027 4146 millia¹
2043 4096 2396 4148 sacrarum
2412 4069 2778 4160 virginum,

636 4197 706 4258 et
738 4198 988 4262 terram
1024 4198 1384 4280 generosis
1419 4196 1715 4270 dicatam
1750 4197 2086 4288 reliquiis,
2118 4220 2196 4268 ac
2228 4195 2652 4284 degenerum
2685 4195 2785 4288 (ut
