3104 4805
936 409 1120 458 usssn
1163 408 1933 461 SECUNnth.—EPISTOLA
1978 413 2079 461 xv.
2472 401 2587 462 135

1257 688 1612 754 EPISTOLA
1654 691 1769 755 XV.

480 899 868 950 FRANCISCUS
901 899 1239 948 PETRARCA
1275 901 1540 950 IOHANNI
1575 901 1889 950 COLUMNAE
1927 901 2269 950 CARDINALI
2303 902 2354 951 S.
2392 903 2446 951 P.
2483 904 2542 951 D.

696 1080 999 1135 Iohannam
1025 1087 1080 1135 et
1104 1081 1336 1152 Hagnen
1362 1079 1662 1136 Columnas
1691 1098 1909 1137 sorores
1936 1081 2328 1137 illustrioribus

890 1176 1231 1249 antiquitatis
1260 1178 1528 1232 matronis
1558 1194 1678 1232 esse
1705 1177 2124 1250 comparandas

630 1405 804 1476 Sunt
865 1405 986 1497 qui
1036 1405 1501 1476 Romanorum
1551 1415 1827 1476 veteres
1875 1415 2231 1478 matronas
2286 1407 2596 1498 singulas

434 1528 729 1620 singulis
769 1527 1092 1600 laudibus
1133 1529 1475 1601 attollant:
1518 1538 1590 1598 et
1629 1527 1973 1600 Lucretiae
2011 1528 2293 1621 quidem
2334 1528 2598 1621 pudici-

438 1651 598 1724 tiam
663 1650 1093 1737 adscribunt,
1164 1651 1432 1723 Martiae
1495 1651 1939 1743 gravitatem,
2006 1651 2197 1745 pium
2264 1651 2594 1747 impetum

434 1773 766 1858 Veturiae,
827 1774 1213 1865 coniugalis
1261 1774 1519 1848 amoris
1572 1774 1895 1846 ardorem
1946 1774 2233 1860 Porciae,
2289 1776 2598 1848 Claudiae

434 1896 846 1969 hilaritatem
892 1895 1223 1981 sobriam,
1268 1897 1460 1969 Iuliae
1501 1896 1785 1968 facetias
1825 1904 1898 1966 et
1934 1897 2395 1989 eloquentiam
2448 1921 2599 1968 mu-

437 2020 746 2105 liebrem,
792 2019 1253 2092 urbanitatem
1296 2021 1617 2107 Caeciliae,
1664 2020 1884 2092 Liviae
1934 2020 2393 2104 maiestatem,
2434 2020 2598 2091 Cor-

434 2144 773 2215 neliarum
813 2143 1011 2215 alteri
1052 2165 1471 2235 generosum
1522 2142 1737 2214 robur
1786 2142 2019 2226 animi,
2076 2141 2275 2213 alteri
2322 2163 2596 2213 morum

434 2266 949 2359 verborumque
990 2266 1447 2339 dulcedinem.
1491 2268 1668 2338 Sunt
1706 2275 1777 2336 et
1815 2266 1934 2359 qui
1984 2265 2394 2361 peregrinas
2444 2265 2595 2338 suis

434 2388 757 2462 laudibus
796 2400 1340 2483 prosequantur:
1375 2390 1817 2463 honestatem
1850 2389 1922 2461 in
1954 2391 2323 2485 Penelope,
2362 2389 2433 2460 in
2467 2386 2599 2460 Ar-

437 2514 707 2585 temisia
732 2535 1036 2586 amorem
1063 2515 1539 2599 immortalem,
1569 2514 1640 2584 in
1668 2515 2117 2610 Hypsicratea
2148 2514 2593 2599 tolerantiam,

437 2633 508 2704 in
562 2633 886 2731 Thomyri
935 2636 1436 2721 fortitudinem,
1481 2637 1844 2709 consilium
1888 2638 1959 2708 in
2003 2638 2319 2724 Thetide,
2361 2638 2599 2709 mode—

440 2759 644 2830 stiam
695 2760 766 2829 in
814 2756 1061 2852 Argia,
1107 2759 1434 2853 pietatem
1475 2760 1548 2830 in
1588 2758 1962 2852 Antigone,
2007 2760 2079 2830 in
2118 2761 2385 2832 Didone
2435 2781 2599 2832 con-

436 2882 758 2952 stantiam
799 2882 1249 2954 admirantes.
1294 2883 1560 2953 Vellem
1604 2892 1680 2954 ut
1718 2882 1765 2952 ii
1805 2884 2202 2956 laudatores
2255 2894 2591 2983 veterum,

435 3026 712 3078 sorores
749 3015 923 3091 tuaS,
956 3006 1336 3077 Iohannam
1360 3015 1434 3077 et
1457 3004 1800 3097 Agnetem
1834 3016 2229 3079 cernerent.
2251 3004 2597 3077 Haberent

433 3131 741 3224 profecto
782 3128 852 3198 in
895 3150 1034 3201 una
1073 3128 1285 3201 domo
1319 3127 1818 3222 amplissimam
1852 3128 2179 3203 laudandi
2214 3128 2590 3213 materiam,

436 3274 662 3344 neque
700 3252 1017 3324 femineis
1064 3248 1277 3324 titulis
1317 3251 1808 3346 conquirendis
1849 3275 1973 3347 per
2036 3274 2278 3324 omnes
2341 3260 2590 3334 terras,

438 3380 510 3443 et
544 3395 667 3465 per
708 3385 846 3446 tam
881 3378 1102 3447 multa
1137 3377 1397 3448 saecula
1428 3386 1872 3467 vagarentur.
1911 3374 2262 3468 Quidquid
2297 3394 2593 3464 usquam

439 3498 735 3591 sparsim
761 3498 1113 3591 quaeritur,
1142 3498 1327 3593 apud
1354 3496 1484 3569 has
1512 3498 1717 3568 simul
1743 3497 2109 3567 invenitur.
2128 3497 2229 3565 Tu
2256 3495 2440 3578 vive,
2456 3513 2594 3563 non

437 3619 697 3692 virtute
738 3631 1007 3693 tantum
1049 3621 1348 3716 propria,
1380 3619 1505 3690 sed
1529 3618 1762 3709 magni
1804 3617 2138 3710 genitoris
2180 3614 2417 3706 gloria,
2456 3617 2594 3686 sra-

437 3749 756 3838 trumque
796 3746 1187 3832 concordia,
1233 3756 1304 3817 et
1344 3742 1581 3816 talium
1624 3765 1938 3817 sororum
1980 3740 2233 3836 pietate
2281 3737 2594 3811 felicissi-

437 3885 615 3936 mus.
657 3868 849 3940 Vale.

718 4014 942 4084 Romae,
973 4014 1023 4069 X
1051 4014 1176 4071 Kal.
1203 4014 1427 4088 Aprilis.

1312 4198 1407 4211 ω,
1423 4182 1728 4220 W-
