3104 4805
573 371 687 432 302

1234 631 1608 696 FRANCISCI
1650 632 2057 697 PETRARCAE

853 892 990 969 DE
1100 889 1471 969 REBUS
1583 886 2440 967 FAMILIARIBUS
2545 959 2554 974 ,

1249 1147 1552 1218 LIBER
1629 1145 2051 1216 SEXTUS.

1420 1735 1772 1801 EPISTOLA
1815 1738 1856 1799 1.

566 1947 948 1996 FRANCISCUS
979 1944 1315 1995 PETRARCA
1344 1943 1687 1992 HANNIBAL!
1716 1941 2059 1992 CARDINALI
2087 1941 2459 1991 TUSCULANO
2487 1942 2540 1992 S.
2569 1944 2622 1991 P.
2653 1944 2711 1992 1).

1487 2134 1547 2187 In
1581 2151 1790 2189 avarOS.

757 2375 1101 2448 Infelicem
1143 2374 1475 2447 invidiam
1511 2372 1692 2446 dixit
1715 2376 1930 2460 Maro,
1970 2396 2099 2455 nec
2134 2375 2494 2447 immerito.
2534 2374 2715 2461 Quid

561 2499 744 2570 enim
786 2498 1122 2568 infelicius
1156 2520 1367 2590 quam
1412 2499 1561 2569 suis
1603 2499 1804 2569 malis
1845 2498 2228 2592 alienisque
2265 2498 2474 2570 simul
2514 2498 2714 2590 bonis

561 2620 816 2713 affligi?
846 2622 996 2691 Non
1028 2621 1454 2711 ineleganter
1478 2621 1759 2714 quidem
1796 2620 1865 2690 in
1903 2621 2192 2692 Mutium
2221 2623 2459 2693 nescio
2483 2645 2709 2716 quem,

561 2744 869 2836 apprime
909 2743 1224 2815 invidum
1264 2753 1472 2835 atque
1516 2744 1959 2825 malevolum,
1999 2743 2257 2813 lusisse
2291 2744 2548 2834 legitur
2578 2745 2713 2814 Pu-

562 2865 742 2935 blius
777 2865 1079 2958 quidam.
1118 2866 1291 2937 Cum
1316 2865 1501 2937 enim
1529 2863 1897 2935 tristiorem
1930 2863 2130 2933 solito
2156 2862 2480 2947 vidisset,
2526 2895 2555 2930 a
2591 2873 2712 2935 aut

559 2987 803 3070 Mutio,
849 2987 1091 3081 inquit,
1137 2990 1372 3061 nescio
1406 2987 1574 3081 quid
1614 2984 2028 3057 incommodi
2071 2986 2396 3070 accessit,
2434 2995 2554 3056 aut
2588 3006 2707 3055 ne-

562 3110 704 3187 scio
750 3111 859 3181 cui
900 3111 1160 3204 aliquid
1202 3110 1383 3182 boni.
1436 3138 1466 3174 n
1514 3110 1810 3180 Prorsus
1872 3107 1966 3181 ita
2013 3119 2143 3179 est.
2196 3108 2487 3180 Invidus
2539 3109 2708 3179 alte-

559 3233 705 3306 rius
771 3233 1030 3305 bonum
1106 3233 1252 3304 suis
1320 3231 1657 3305 adscribit
1730 3231 2216 3315 incommodis,
2292 3241 2389 3317 et,
2469 3242 2547 3302 ut
2618 3229 2712 3301 ait

560 3358 875 3440 FlaccuS,
909 3358 1178 3426 alterius
1216 3357 1405 3426 rebus
1445 3357 1785 3426 macrescit
1820 3357 2072 3448 opimis.
2110 3355 2367 3448 Magna
2410 3352 2709 3438 miseria,

562 3503 702 3552 non
750 3481 948 3552 aliter
999 3479 1357 3551 saturitate
1419 3479 1705 3550 alterius
1758 3500 1967 3571 quam
2019 3481 2199 3549 same
2249 3477 2527 3573 propria
2578 3486 2714 3548 tor—

560 3606 781 3698 queri,
847 3614 1079 3698 atque,
1134 3603 1266 3676 alio
1307 3604 1834 3699 pinguescente,
1883 3623 2021 3672 non
2057 3623 2260 3673 secus
2302 3623 2382 3672 ac
2424 3623 2502 3672 se
2551 3622 2715 3670 esu-

563 3728 782 3800 riente
822 3750 1271 3801 macrescere.
1315 3727 1453 3798 Sed
1496 3726 1684 3798 haud
1727 3735 1987 3798 temere
2028 3724 2417 3798 definierim
2443 3747 2533 3797 an
2574 3744 2712 3795 non
2745 3700 2752 3711 ²

562 3850 823 3922 invidia
862 3860 1158 3935 tantum,
1205 3849 1332 3921 sed
1394 3846 1582 3919 vitiis
1648 3848 1971 3919 omnibus
2037 3848 2371 3919 infelicior
2419 3846 2713 3918 avaritia

565 3974 673 4043 sit.
711 3974 978 4046 Invidia
1019 3975 1200 4046 enim
1237 3982 1486 4044 moesta
1530 3993 1749 4065 saepe,
1804 3972 1932 4044 sed
1972 3970 2208 4042 ociosa
2249 3979 2385 4042 est:
2423 3970 2711 4041 avaritia

561 4095 780 4165 tristis
815 4107 884 4166 et
922 4107 1277 4189 occupata.
1321 4096 1660 4190 Superbia
1720 4096 1885 4167 dum
1933 4116 2011 4166 se
2070 4093 2329 4187 aliquid
2378 4112 2704 4183 magnum

564 4224 779 4308 putat,
833 4217 1003 4286 falsa
1048 4218 1229 4301 licet,
1274 4218 1591 4310 opinione
1632 4218 2029 4289 delectatur.
2075 4216 2382 4286 Avaritia
2427 4235 2705 4305 semper
