3104 4805
605 350 719 412 164
1271 366 1351 413 nn
1397 364 1598 413 nanus
1642 365 2082 416 summamus

597 508 1000 591 amicorum;
1051 527 1188 578 non
1255 505 1345 578 de
1411 506 1575 602 ipsis
1641 528 1876 578 rerum
1943 518 2217 580 tuarum
2280 512 2753 600 successibus3

599 639 951 723 postremo
988 630 1157 700 nihil
1196 615 1506 714 omnin0,
1555 628 1690 701 nisi
1730 629 1820 702 de
1861 652 1971 703 me
2016 631 2330 725 meisque
2370 634 2605 721 rebus,
2651 638 2754 708 in-

596 762 933 845 terrogas.
975 750 1202 845 Alque
1238 753 1428 823 illum
1471 752 1844 846 increpitas
1870 753 2081 846 quod,
2112 756 2458 829 curiosius
2493 759 2562 829 in
2598 762 2755 831 reli-

590 875 768 971 quis,
807 875 878 947 id
913 899 1152 962 unum,
1182 878 1372 969 quod
1404 876 1844 969 singulariter
1872 898 2157 971 praeque
2185 879 2512 952 omnibus
2537 904 2750 956 nosse

561 999 979 1099 desideras,
1035 1001 1388 1072 tacuisset.
1450 998 1551 1072 Ac
1602 1022 1690 1071 ne
1749 1001 1910 1094 quis
1975 1011 2042 1073 te
2109 1001 2387 1073 fortuito
2442 1006 2745 1078 locutum

586 1133 800 1215 putet,
846 1121 955 1194 bis
997 1122 1180 1195 idem
1223 1144 1348 1216 per
1389 1123 1652 1195 litteras
1694 1136 1990 1216 questus
2040 1146 2140 1195 es.
2197 1126 2392 1198 Mitto
2441 1129 2602 1214 alia,
2656 1130 2742 1203 iis

585 1251 883 1319 fortasse
922 1229 1278 1332 mirabilia,
1311 1247 1430 1340 qui
1456 1247 1836 1329 nescirent,
1876 1270 2083 1341 quam
2126 1249 2546 1321 familiariter
2577 1250 2740 1323 olim

582 1381 985 1443 cunctorum
1027 1371 1351 1442 dominus
1393 1368 1758 1462 Augustus
1801 1371 2039 1443 Caesar
2078 1369 2467 1462 Virgilium,
2509 1372 2737 1446 civem

583 1507 804 1579 tuum,
852 1493 1223 1566 rusticanae
1273 1494 1597 1587 originis,
1645 1496 1773 1567 sed
1812 1493 2095 1564 minime
2139 1492 2465 1566 rusticani
2504 1496 2734 1568 virum

581 1617 856 1708 ingenii,
886 1617 1160 1702 dilexit,
1190 1629 1261 1688 et
1287 1617 1669 1701 Horatium,
1700 1615 2093 1687 libertinum
2128 1625 2344 1711 patre,
2384 1617 2510 1704 sed
2541 1618 2736 1710 inge-

580 1761 795 1811 nuum
838 1740 1020 1825 stilo;
1063 1741 1323 1835 quique
1364 1740 1693 1833 principis
1739 1738 1920 1810 illius
1974 1740 2064 1812 ad
2110 1740 2399 1813 eosdem
2439 1741 2736 1815 humiles

578 1862 862 1950 amicOS,
905 1867 1100 1937 velut
1136 1888 1231 1936 ex
1263 1887 1470 1958 aequo
1509 1862 1798 1950 missaS,
1840 1873 1909 1936 et
1953 1884 2139 1957 saepe
2179 1863 2501 1936 dulcibus
2540 1865 2735 1938 blan-

577 1986 764 2060 ditiis
790 1991 1095 2073 refertae,
1112 1989 1444 2083 epistolas
1472 2011 1612 2061 non
1635 1987 1994 2080 legissent.
2012 1988 2322 2072 Quorum
2349 1987 2732 2060 recordatio

575 2123 910 2204 quantum
952 2112 1282 2183 miraculo
1323 2111 1593 2194 adimit,
1642 2121 1908 2183 tantum
1951 2109 2183 2182 adiicit
2223 2112 2509 2197 laetitiae,
2564 2111 2730 2183 dum

573 2234 826 2306 talibus
844 2232 1196 2330 ⁴exemplis
1224 2254 1334 2321 me
1358 2233 1636 2305 misceri
1666 2233 1906 2318 sentio,
1929 2243 2281 2327 tantaeque
2308 2235 2535 2308 laudis
2560 2235 2730 2306 mihi

571 2354 831 2426 aditum
868 2354 1152 2448 aperiri;
1179 2354 1534 2447 quoniam,
1567 2364 1644 2426 ut
1676 2358 1856 2427 alter
1879 2377 1975 2427 ex
2000 2356 2111 2428 his
2137 2359 2463 2432 caesareis
2489 2359 2729 2433 amicis

569 2477 693 2559 ait,

847 2571 1222 2651 Principibus
1253 2572 1548 2651 placuisse
1582 2573 1767 2651 viriS,
1803 2590 1922 2636 non
1960 2575 2172 2640 ultima
2206 2579 2337 2640 laus
2371 2587 2480 2643 est.

562 2721 939 2793 Enimvero
979 2745 1237 2794 novum
1278 2724 1391 2795 hic
1415 2723 1821 2796 miraculum
1847 2725 2166 2814 emergit:
2197 2734 2274 2794 ut
2296 2726 2481 2796 enim
2511 2730 2725 2801 multa

563 2843 725 2930 illis,
758 2845 858 2918 sic
882 2845 1068 2932 mibi,
1105 2848 1340 2930 fateor,
1367 2846 1536 2918 nihil
1563 2855 1701 2931 est,
1730 2867 1869 2938 quo
1895 2847 2167 2937 placere
2190 2844 2504 2917 debeam.
2535 2850 2722 2934 Quo-

562 2967 767 3039 modo
804 2970 988 3040 enim
1024 2990 1296 3062 sperem
1329 2969 1482 3040 aliis
1523 2969 1961 3062 placiturum,
2006 2967 2126 3059 qui
2167 2966 2334 3038 mihi
2382 2966 2531 3060 ipse
2579 2989 2716 3038 non

561 3092 838 3185 placeo?
870 3092 1318 3164 Fortunatam
1353 3113 1521 3163 sane
1555 3091 1850 3164 dicimus
1878 3111 2200 3175 uxorem,
2229 3111 2365 3159 non
2391 3110 2553 3182 quae
2578 3091 2714 3160 for-

562 3237 757 3287 mosa
793 3227 926 3300 est,
974 3216 1103 3288 sed
1152 3237 1312 3309 quae
1358 3218 1510 3288 viro
1566 3237 1694 3287 suo
1749 3214 2052 3299 videtum
2100 3216 2521 3288 fortunatum
2569 3235 2715 3285 ser-

560 3360 757 3422 vum,
802 3361 939 3412 non
972 3340 1172 3411 cuius
1212 3349 1322 3411 est
1363 3361 1577 3432 opera
1610 3338 1933 3422 nobilior,
1983 3339 2109 3410 sed
2149 3339 2220 3409 in
2262 3358 2473 3429 quem
2524 3357 2716 3409 amor

560 3463 819 3537 domini
857 3463 1283 3557 propensior.
1327 3462 1437 3534 Sic
1473 3484 1636 3554 eg0,
1674 3460 1994 3556 quisquis
2045 3484 2214 3533 vere
2266 3461 2427 3545 sim,
2484 3461 2545 3532 si
2596 3459 2718 3532 tibi

558 3585 819 3678 aliquid
858 3585 1130 3669 videor,
1168 3584 1487 3678 opinione
1529 3593 1649 3656 tua
1690 3606 1802 3654 me
1842 3583 2110 3656 felicem
2152 3582 2482 3669 dixerim,
2537 3595 2608 3655 et
2656 3583 2716 3654 si

559 3708 728 3780 nihil
763 3708 990 3780 habeo
1023 3730 1163 3801 quo
1203 3710 1475 3802 placere
1515 3729 1810 3791 merear,
1851 3717 2098 3792 tamen,
2141 3706 2201 3778 si
2242 3709 2498 3801 placeo,
2544 3706 2714 3779 satis

558 3840 688 3900 est.
730 3829 1031 3921 Agerem
1067 3832 1327 3922 gratias
1365 3830 1514 3916 tibi,
1555 3830 1688 3901 nisi
1722 3829 2217 3902 humanitatem
2255 3841 2443 3902 tuam
2478 3827 2713 3900 verbis

560 3950 732 4021 meis
773 3954 1035 4047 aequari
1072 3977 1283 4046 posse
1323 3954 1729 4026 diffiderem.
1776 3955 1851 4025 In
1905 3955 2016 4026 his
2067 3955 2349 4048 quidem
2405 3975 2564 4048 quae
2612 3956 2713 4025 lo-

556 4072 832 4162 quentis
867 4074 1217 4168 ingenium
1250 4077 1628 4164 excedunt,
1674 4089 1902 4150 tacere
1936 4080 2342 4153 consultius.
2394 4079 2583 4150 Vale.

845 4219 929 4275 Ad
959 4221 1134 4292 ripam
1164 4223 1447 4293 Rhodani,
1478 4224 1667 4279 Idibus
1696 4224 1954 4280 Ianuarii.
