3104 4805
510 331 547 388 6
657 329 669 340 “
1190 333 1494 384 EPISTULA
1536 335 1621 383 AD
1665 334 2003 384 POSTEROS.

511 493 581 555 et
613 480 883 561 mirari;
919 489 1082 549 tunc
1112 476 1436 567 equidem
1467 497 1608 547 non
1643 447 1965 559 mirabar,
1996 486 2075 546 ut
2105 476 2225 567 qui
2263 477 2448 562 mibi,
2475 501 2670 553 more

511 603 767 686 aetatiS,
824 601 1011 673 omni
1071 599 1332 671 honore
1378 596 1838 687 dignissimus
1899 596 2200 668 viderer.
2267 596 2449 670 Ante
2496 602 2671 674 alios

510 724 857 817 expetitus
897 722 997 793 fui
1038 742 1081 791 a
1122 719 1688 793 Columnensium
1725 722 1915 791 clara
1961 730 2032 791 et
2081 741 2422 810 generosa
2471 725 2671 794 fami-
2717 786 2733 802 .

513 847 625 930 lia,
678 865 841 937 quae
894 854 1057 914 tuno
1105 843 1489 918 Romanam
1550 842 1819 914 curiam
1882 841 2390 933 frequentabat,
2444 844 2668 916 dicam

513 966 793 1049 meliuS,
837 955 1266 1035 illustrabat:
1310 984 1352 1035 a
1390 961 1648 1055 quibus
1690 962 1950 1035 accitus
1988 973 2059 1034 et
2096 963 2284 1048 mihi,
2313 966 2548 1037 nescio
2581 989 2672 1038 an

511 1097 583 1159 et
621 1107 828 1172 nunc,
869 1096 940 1157 at
989 1096 1153 1157 tunc
1198 1093 1386 1156 certe
1434 1082 1766 1169 indebito,
1821 1085 1892 1154 in
1940 1082 2201 1157 honore
2249 1085 2532 1157 habitus
2581 1086 2673 1159 ab

513 1210 763 1282 illustri
798 1219 870 1281 et
907 1205 1425 1298 incomparabili
1479 1207 1630 1278 viro
1673 1205 1921 1278 Iacobo
1960 1206 2052 1278 de
2090 1207 2423 1279 Columna
2463 1208 2671 1279 Lom-

513 1329 812 1412 beriensi
864 1339 1027 1400 tuno
1073 1328 1443 1420 Episcopo,
1494 1327 1607 1400 cui
1658 1328 1893 1402 nescio
1941 1350 2032 1398 an
2080 1350 2315 1420 parem
2375 1328 2668 1400 viderim

516 1470 641 1521 seu
692 1451 981 1522 visurus
1034 1449 1193 1534 sim,
1248 1450 1320 1519 in
1367 1449 1788 1521 Vasconiam
1840 1449 2122 1533 ductuS,
2186 1448 2320 1520 sub
2375 1449 2666 1520 collibus

512 1573 868 1667 Pyrenaeis
917 1580 1237 1646 aestatem
1270 1592 1484 1665 prope
1524 1575 1906 1656 coelestem,
1951 1575 2168 1643 multa
2196 1583 2268 1643 et
2304 1571 2561 1643 domini
2599 1582 2671 1642 et

513 1694 839 1766 comitum
879 1695 1303 1767 iucunditate
1352 1695 1688 1784 transegi,
1734 1703 1810 1763 ut
1863 1715 2135 1786 semper
2187 1703 2458 1787 tempus
2499 1694 2670 1769 illud

516 1816 961 1889 memorando
1022 1817 1390 1910 suspirem.
1455 1816 1623 1887 Inde
1681 1815 1993 1899 rediens,
2060 1815 2195 1886 sub
2251 1818 2465 1890 fratre
2516 1818 2669 1890 eius

516 1936 817 2014 Iohanne
864 1938 952 2010 de
1003 1940 1337 2014 Columna
1386 1937 1734 2011 Cardinali
1785 1939 2038 2008 multos
2091 1959 2213 2030 per
2263 1960 2482 2011 annos
2536 1961 2674 2011 non

515 2061 718 2151 quasi
767 2059 902 2131 sub
951 2060 1254 2143 domino,
1313 2061 1437 2131 sed
1489 2059 1626 2130 sub
1674 2069 1893 2152 patre,
1938 2059 2076 2131 imo
2115 2081 2201 2130 ne
2250 2059 2322 2132 id
2370 2060 2669 2152 quidem,

518 2182 643 2254 sed
699 2205 859 2253 cum
912 2157 1123 2252 fratre
1170 2179 1680 2263 amantissimo,
1736 2183 1876 2252 imo
1926 2203 2196 2252 mecum
2259 2189 2330 2248 et
2393 2180 2672 2272 propria

518 2325 672 2375 mea
721 2304 791 2373 in
848 2304 1053 2374 domo
1103 2301 1223 2370 fui.
1275 2300 1429 2383 Quo
1488 2310 1796 2392 tempore
1854 2297 2175 2373 iuvenilis
2234 2324 2345 2373 me
2404 2301 2675 2395 impulit

519 2426 865 2519 appetitus
914 2434 992 2495 ut
1038 2434 1109 2495 et
1154 2423 1411 2495 Gallias
1463 2433 1532 2495 et
1580 2425 2019 2496 Germaniam
2076 2448 2553 2518 peragrarem:
2603 2438 2676 2497 et

518 2548 673 2616 licet
701 2546 860 2645 aliae
886 2564 1124 2614 causae
1161 2543 1588 2633 fingerentur
1620 2555 1698 2615 ut
1732 2547 2221 2638 profectionem
2247 2569 2475 2618 meam
2502 2548 2677 2620 meis

520 2661 896 2734 maioribus
948 2663 1434 2755 approbarem,
1483 2687 1656 2736 vera
1706 2676 1935 2738 tamen
1977 2688 2191 2737 eausa
2236 2677 2412 2751 erat,
2462 2671 2675 2739 multa

519 2784 797 2856 videndi
847 2786 1054 2858 ardor
1106 2805 1187 2856 ac
1239 2785 1567 2857 studium.
1621 2787 1696 2856 In
1746 2809 1886 2878 qua
1937 2786 2488 2877 peregrinatione
2543 2786 2675 2855 Pa—

522 2906 724 2977 risios
775 2906 1073 3000 primum
1123 2907 1292 2992 vidi,
1345 2916 1417 2977 et
1464 2907 1848 2979 delectatus
1901 2929 2059 2977 sum
2110 2905 2456 2996 inquirere
2504 2905 2674 2997 quid

523 3049 764 3098 verum
807 3028 1067 3119 quidve
1104 3028 1496 3099 fabulosum
1540 3028 1630 3099 de
1668 3028 1783 3098 illa
1834 3027 2008 3098 urbe
2050 3036 2467 3098 narraretur.
2510 3027 2675 3098 Inde

524 3170 878 3231 reversuS‚
921 3150 1209 3221 Romam
1253 3148 1390 3220 adii
1429 3149 1629 3221 cuius
1680 3150 2005 3221 videndae
2045 3148 2390 3221 desiderio
2431 3148 2523 3219 ab
2572 3149 2677 3218 in-

524 3270 734 3342 fantia
775 3269 1136 3351 ardebam;
1176 3279 1247 3341 et
1285 3270 1495 3340 huius
1535 3272 1815 3355 familiae
1855 3271 2371 3362 magnanimum
2415 3271 2679 3361 genito-

526 3413 670 3464 rem
723 3391 1145 3485 Stephanum
1204 3392 1296 3462 de
1351 3393 1684 3464 Columna
1741 3394 1972 3464 virum
2026 3391 2306 3464 cuilibet
2363 3392 2682 3484 antiquo-

527 3538 681 3586 rum
740 3535 979 3607 parem
1035 3513 1131 3585 ita
1186 3513 1390 3597 colui,
1447 3525 1653 3606 atque
1711 3515 1808 3586 ita
1868 3513 2002 3585 sibi
2042 3516 2362 3606 acceptus
2413 3514 2540 3597 fui,
2605 3525 2683 3584 ut

528 3638 703 3710 inter
751 3657 863 3707 me
922 3647 993 3707 et
1048 3633 1424 3727 quemlibet
1482 3634 1781 3708 filiorum
1839 3637 1935 3707 nil
1992 3636 2258 3708 diceres
2318 3635 2678 3705 interesse.

529 3757 664 3839 Qui
718 3758 851 3829 viri
906 3759 1309 3829 excellentis
1369 3779 1564 3829 amor
1619 3768 1692 3829 et
1750 3758 2033 3831 affectus
2092 3776 2317 3849 usque
2374 3757 2465 3828 ad
2514 3756 2679 3827 vitae

528 3876 680 3946 eius
719 3887 1109 3951 extremum
1151 3902 1290 3951 uno
1328 3902 1495 3970 erga
1536 3903 1648 3952 me
1690 3902 1962 3972 semper
2003 3890 2237 3951 tenore
2278 3877 2676 3970 permansit,

528 4006 599 4065 et
635 3997 706 4066 in
745 4018 854 4066 me
894 4021 1076 4071 nunc
1123 4003 1328 4073 etiam
1371 4003 1573 4085 vivit,
1620 4023 1843 4093 neque
1883 4023 2191 4094 unquam
2241 3998 2510 4072 desinet
2546 3996 2679 4065 nisi

530 4136 661 4203 ego
711 4126 870 4186 ante
919 4118 1208 4195 desiero.
1265 4124 1431 4193 Inde
1480 4124 1685 4193 etiam
1740 4145 2100 4207 reversus,
2138 4142 2296 4191 cum
2338 4117 2672 4200 omnium,
