3104 4805
617 365 692 425 2⁴2
1128 376 1459 425 FRANCISCI
1496 374 1848 425 PETRARCAE
1890 375 2241 424 PRAEFA‘rlo.

618 539 854 599 taneos
920 549 998 598 ac
1074 525 1439 596 concives:
1520 547 1696 618 quos
1764 526 2210 619 praesentium
2277 549 2508 598 comes
2566 529 2756 602 haud

616 649 825 722 dubie
865 648 1087 732 torsit,
1139 658 1209 719 et
1256 649 1325 719 in
1373 670 1583 720 voces
1631 649 1959 740 compulit
2005 648 2316 732 invidia3
2368 673 2577 743 quam
2628 674 2754 724 nec

618 771 897 844 Sidonio
936 793 1214 843 causam
1257 774 1473 855 locuS,
1517 792 1643 843 nec
1682 782 1953 862 tempus
1995 770 2395 844 indulserat.
2424 775 2575 857 Quo
2608 796 2754 846 ma·

617 895 725 986 gis
777 894 1137 986 magisque
1186 894 1490 966 animum
1540 894 1673 966 viri
1714 894 1953 979 miror,
1998 905 2074 964 ut
2121 906 2361 966 contra
2407 895 2753 968 indubita-

618 1029 763 1090 tum
800 1015 1207 1110 eloquentiae
1249 1017 1623 1110 principem
1661 1016 2072 1109 eloquentiae
2115 1017 2471 1090 studiosus
2522 1019 2754 1090 insur-

615 1152 829 1233 geret,
898 1141 1031 1212 alio
1096 1141 1375 1239 saeculo,
1444 1151 1651 1233 atque
1714 1140 1847 1211 alio
1912 1150 2115 1211 natus
2181 1141 2368 1212 orbe.
2449 1143 2538 1212 Et
2586 1163 2752 1213 sane

613 1276 859 1338 cuncta
906 1262 1208 1337 versanti
1258 1262 1429 1333 nihil
1477 1263 1817 1349 occurrit,
1869 1287 2008 1357 quo
2059 1265 2170 1336 vel
2220 1263 2400 1337 docti
2450 1264 2746 1336 hominis

612 1386 1071 1480 ignorantiam
1119 1406 1445 1457 accusare
1495 1385 1790 1479 possim,
1845 1388 1956 1457 vel
2015 1386 2331 1457 iniuriam
2380 1408 2742 1470 excusare,

614 1510 917 1600 nihilque
948 1510 1136 1601 quod
1170 1508 1481 1601 suspicer
1515 1509 2034 1601 perversitatem
2072 1508 2285 1581 fuisse
2318 1506 2578 1591 iudicii,
2609 1532 2745 1581 non

614 1643 902 1703 naturae.
955 1631 1121 1703 Falli
1170 1643 1397 1704 tamen
1447 1631 1517 1700 in
1559 1632 1691 1703 hoc
1732 1652 2050 1724 possum,
2107 1643 2182 1703 ut
2229 1631 2300 1701 in
2346 1631 2624 1702 multis:
2675 1632 2746 1703 in

613 1776 696 1826 eo
734 1766 915 1844 certe
963 1776 1100 1825 non
1150 1757 1370 1839 fallor,
1414 1756 1528 1827 vel
1580 1754 1641 1826 si
1679 1755 1899 1838 fallor,
1942 1776 2101 1824 cum
2143 1753 2374 1825 multis
2415 1756 2748 1847 longeque

613 1877 1013 1950 clarissimis
1052 1877 1189 1950 falli
1232 1877 1462 1962 iuvat,
1508 1876 1697 1971 quod
1738 1879 1984 1948 solutae
2022 1856 2365 1948 facundiae
2415 1876 2751 1971 principa-

615 2012 758 2085 tuS,
823 2001 1440 2073 contradictoribus
1506 2003 1640 2074 late
1702 2001 1935 2087 victiS,
1988 2000 2199 2072 unius
2251 1992 2597 2074 Ciceronis
2646 2013 2755 2074 est

612 2124 930 2217 proprius
960 2150 976 2192 ε
1015 2144 1153 2216 quo
1193 2125 1342 2193 luce
1379 2123 1626 2194 clarior
1660 2123 1737 2194 fit
1769 2128 1880 2196 vel
1915 2146 2185 2196 morum
2225 2126 2335 2195 vel
2375 2123 2751 2195 intellectus

612 2247 1024 2340 obbliquitas
1074 2244 1489 2316 contrarium
1541 2247 1940 2318 asserentis.
2007 2247 2122 2321 Ille
2186 2258 2411 2320 tamen
2475 2246 2754 2318 adducit

613 2371 843 2444 nescio
881 2391 1083 2463 quem
1122 2367 1373 2439 Julium
1425 2368 1795 2453 Titianum,
1847 2380 1917 2442 et
1965 2370 2199 2443 nescio
2249 2392 2427 2463 quos
2469 2371 2753 2443 Fronto-

611 2494 851 2563 nianos
903 2513 1054 2563 suae
1111 2489 1475 2562 irrisionis‘
1508 2502 1869 2564 auctores:
1922 2493 2177 2586 quibus
2226 2516 2359 2586 ego
2411 2493 2751 2586 simulque

609 2612 929 2683 omnibus
994 2613 1175 2684 idem
1242 2612 1697 2683 sentientibus
1761 2636 1902 2685 una
1951 2638 2124 2688 voce
2188 2614 2572 2707 respondeo
2622 2616 2752 2686 hoc

611 2734 868 2806 solum:
906 2734 1085 2807 sicut
1112 2734 1433 2829 equidem
1473 2756 1717 2805 verum
1749 2747 1861 2806 est
1901 2736 2067 2807 illud
2096 2738 2396 2820 Senecae,
2434 2738 2752 2827 quoniam

568 2855 917 2950 .quidquid
962 2858 1153 2929 habet
1201 2857 1504 2929 Romana
1559 2852 1872 2949 facundia
1895 2913 1910 2941 ,
1979 2857 2147 2949 quod
2202 2858 2513 2927 insolenti
2568 2856 2752 2927 Groe-

612 2983 729 3051 cioe
775 2992 890 3053 aut
953 2992 1273 3074 opponat,
1330 2993 1446 3051 aut
1504 2985 1814 3073 proeferat
1838 3037 1854 3064 ‚
1905 2981 2082 3051 circa
2150 2977 2532 3050 Ciceronem
2581 2982 2750 3073 efflo-

610 3106 773 3176 ruit:
814 3126 1195 3196 verumque
1231 3103 1400 3175 illud
1438 3101 1837 3186 Quintiliani
1879 3103 1998 3174 ubi
2039 3103 2217 3175 inter
2255 3105 2473 3174 multa
2502 3114 2572 3176 et
2607 3106 2752 3195 glo-

614 3224 796 3299 riosa
861 3226 1205 3318 praeconia
1266 3224 1398 3297 viri
1460 3224 1702 3311 huiuS,
1771 3225 1940 3298 dono
1992 3226 2270 3318 quodam
2314 3226 2752 3320 providentiae

488 3404 499 3416 .
610 3351 900 3442 yenitum
938 3349 1142 3435 dicit,
1187 3352 1259 3420 in
1293 3373 1418 3443 quo
1454 3361 1616 3420 totas
1655 3352 1927 3421 virtutes
1958 3370 2108 3421 suas
2148 3352 2515 3443 eloquentia
2552 3372 2755 3443 eoepe-

612 3475 884 3544 riretur:
908 3485 978 3544 et
1008 3484 1165 3566 post
1201 3477 1417 3545 multa
1454 3472 1711 3568 quihus
1752 3469 1882 3547 hoc
1921 3476 2190 3569 probat:
2229 3472 2469 3563 Quare,
2507 3474 2750 3567 inquit,

614 3620 752 3669 non
790 3599 1110 3669 immerito
1142 3600 1226 3669 ab
1268 3599 1567 3670 omnibus
1605 3601 1813 3670 oetatis
1863 3623 1999 3670 suoe
2045 3620 2326 3690 reynare
2372 3601 2446 3667 in
2498 3595 2757 3667 iudiciis

615 3718 821 3791 dictus
861 3734 1001 3792 est:
1040 3719 1218 3817 apud
1247 3734 1536 3817 posteros
1576 3744 1731 3792 vero
1772 3718 1841 3791 id
1889 3734 2349 3815 consequutus,
2401 3731 2474 3790 ut
2531 3718 2754 3789 Cicero

615 3842 751 3911 iam
788 3864 924 3915 non
964 3845 1245 3916 hominis
1286 3867 1558 3929 nomen,
1600 3839 1712 3914 sed
1750 3846 2132 3935 eloquentioe
2171 3844 2504 3915 habeatur.
2560 3840 2753 3910 Hunc

617 3962 822 4054 iyitur
861 3979 1260 4057 spectemus.-
1326 3969 1442 4038 hoc
1498 3969 1908 4063 propositum
1975 3971 2158 4040 nobis
2225 3967 2600 4057 eoeemplum
2649 3964 2749 4031 sit.

616 4085 741 4155 Ille
803 4107 869 4156 se
908 4093 1255 4183 profecisse
1301 4093 1464 4162 sciat
1514 4093 1626 4161 cui
1678 4088 1905 4162 Cicero
1964 4088 2154 4161 valde
2199 4088 2527 4182 placebit.-
2580 4084 2757 4155 sicut

622 4204 796 4295 haec,
844 4208 1143 4303 inquam,
1188 4236 1355 4287 vera
1391 4225 1591 4297 sunt,
1635 4190 1732 4285 sic
1768 4209 1933 4287 illud
1966 4230 2239 4306 quoque
2279 4206 2750 4291 verissimum,
