3104 4805
858 478 1038 525 maun
1085 478 1804 536 QUINTUS.-EPISTOLA
1846 481 1947 526 vu.
2358 467 2476 526 275

322 623 666 696 somnium
700 631 773 692 et
813 621 1065 692 somnii
1099 621 1367 691 exitum
1403 618 1709 691 audiere.
1751 619 1863 689 Sic
1887 621 2069 690 enim
2105 630 2176 691 et
2208 621 2330 692 tibi
2365 643 2478 693 sa-

323 747 556 832 tisfiet,
602 757 672 818 et
709 745 910 817 dulce
951 743 1121 816 mihi
1175 742 1298 815 fiet
1346 742 1712 813 amborum
1763 741 2134 813 recordari.
2195 741 2477 817 Amicus

320 869 489 940 mihi
534 868 778 964 primis
832 866 970 940 sub
1019 865 1221 939 annis
1260 869 1514 949 fuerat,
1572 887 1713 958 quo
1779 863 1951 935 nihil
2013 865 2244 936 carius
2307 877 2477 939 aetas

321 993 433 1064 illa
473 994 585 1063 vel
624 1013 667 1063 a
706 993 980 1063 fortuna
1020 992 1133 1062 vel
1185 1013 1228 1063 a
1277 1001 1524 1062 natura
1576 989 1819 1061 datum
1871 986 2132 1060 habuit.
2187 988 2312 1059 Hic
2371 1012 2482 1060 re-

319 1122 525 1207 pente
567 1114 767 1204 gravi
807 1134 1096 1206 pressus
1137 1110 1578 1204 aegritudine,
1617 1133 1747 1183 nec
1785 1110 2077 1184 medicis
2114 1132 2266 1182 suae
2292 1167 2308 1191 ,
2354 1135 2484 1185 nec

321 1229 489 1300 mihi
530 1249 706 1300 meae
747 1229 916 1300 vitae
958 1250 1157 1322 spem
1198 1231 1592 1323 reliquerat.
1634 1229 1836 1315 Quod
1868 1251 2086 1301 unum
2124 1241 2485 1324 supererat

320 1373 544 1443 genus
583 1352 830 1438 solatii,
869 1335 1223 1444 lugebam,
1269 1361 1341 1425 et
1384 1374 1509 1448 per
1549 1352 1734 1426 diem
1777 1375 1860 1424 ac
1900 1362 2172 1426 noctem
2217 1353 2481 1444 lugenti

322 1497 600 1571 semper
641 1477 809 1547 mihi
857 1488 1262 1570 supererant
1301 1478 1628 1550 lacrimae.
1671 1478 1884 1548 Nocte
1918 1478 2220 1570 quadam
2254 1498 2481 1571 usque

321 1601 456 1672 sub
496 1623 819 1672 auroram
860 1602 1175 1695 pervigil,
1206 1623 1528 1674 somnum
1557 1601 1826 1672 tristem
1860 1601 2163 1692 fatigatis
2202 1601 2480 1674 tandem

319 1724 537 1794 oculis
588 1726 857 1816 excepi.
909 1725 1145 1816 Imago
1195 1746 1363 1796 mox
1405 1724 1590 1797 illius
1633 1723 1884 1808 adfuit,
1942 1724 2146 1796 cuius
2190 1724 2282 1796 ad
2319 1747 2483 1796 con-

322 1856 638 1938 spectum
690 1845 1076 1926 horrendos
1115 1847 1335 1918 edens
1379 1846 1710 1939 gemituS,
1757 1845 1987 1917 socios
2025 1846 2291 1929 excivi,
2328 1846 2476 1937 qui,

322 1971 499 2042 sicut
559 1979 717 2064 post
757 1991 852 2040 ex
891 1970 996 2040 eis
1036 1956 1273 2054 didici,
1330 1980 1406 2042 ut
1453 1969 1916 2043 dormientem
1964 1992 2078 2041 me
2130 1967 2477 2052 viderunt,

318 2103 387 2162 et
414 2093 615 2183 gravi
642 2092 875 2185 aliquo
903 2078 1171 2164 somnio
1204 2092 1607 2188 implicitum
1642 2095 2060 2186 cogitarunt,
2099 2094 2345 2185 longas
2382 2103 2483 2163 ta-

320 2237 482 2286 men
508 2215 785 2306 vigilias
824 2214 1157 2299 miserati,
1189 2213 1532 2286 turbidam
1563 2238 1704 2300 me,
1732 2239 1942 2308 quam
1970 2217 2257 2301 nullam,
2287 2217 2483 2308 quie-

320 2349 460 2410 tem
503 2339 861 2433 suscipere
906 2339 1316 2411 maluerunt.
1366 2338 1575 2431 AEger
1625 2348 1856 2411 autem
1909 2338 2177 2411 amicus
2229 2339 2319 2412 ad
2368 2361 2481 2411 me

247 2485 251 2489 ’
319 2462 647 2534 accedere
686 2460 1149 2554 lacrimasque
1212 2483 1404 2534 meas
1457 2462 1703 2534 leniter
1743 2461 2148 2555 abstergere
2189 2463 2480 2535 videba-

321 2597 459 2669 tur,
504 2595 578 2657 et
614 2606 814 2657 orare
863 2593 940 2655 ut
978 2584 1220 2670 dolori,
1263 2609 1474 2679 quem
1508 2608 1604 2658 ex
1638 2588 1811 2658 salsa
1861 2609 2074 2660 causa
2127 2587 2479 2681 suscepis-

318 2729 496 2793 sem,
544 2706 749 2780 finem
791 2711 1111 2780 facerem.
1166 2708 1478 2802 Cumque
1518 2731 1655 2801 ego
1703 2709 1965 2782 dictum
2016 2712 2354 2795 refellere,
2408 2721 2479 2782 et

317 2833 531 2902 multa
595 2831 941 2903 adversus
1000 2834 1343 2905 fortunam
1411 2854 1640 2904 meam
1681 2832 1915 2905 dicere
1964 2855 2313 2927 pararem,
2368 2833 2476 2901 in-

305 2962 857 3056 ,terrumpentem
898 2957 1222 3049 querelas
1274 2976 1469 3029 meas
1522 2956 1765 3027 audire
1799 2955 1989 3026 illum
2032 2955 2351 3039 videbar,
2405 2965 2477 3027 et

313 3077 692 3151 dicentem:
743 3109 772 3145 (ι
827 3079 1036 3161 Tace3
1103 3078 1444 3171 quidquid
1477 3079 1793 3150 dicturus
1826 3101 1935 3163 eS‚
1982 3078 2146 3150 scic.
2191 3079 2328 3150 Sed
2387 3100 2475 3149 en

320 3224 350 3259 n
393 3200 622 3283 adest,
666 3202 787 3291 qui
829 3199 1242 3291 colloquium
1298 3199 1431 3269 hoc
1481 3210 1796 3272 nostrum
1848 3201 2142 3272 dirimat.
2189 3200 2320 3282 Illi,
2352 3221 2475 3270 oro

326 3351 354 3385 »
396 3332 493 3405 te,
541 3323 786 3392 salutis
821 3345 995 3393 meae
1036 3345 1234 3414 spem
1277 3320 1599 3406 restitue3
1641 3334 1712 3395 et
1754 3324 1853 3396 sic
1891 3325 2167 3416 habeto,
2214 3344 2324 3394 me
2351 3345 2476 3392 ne-

323 3473 354 3506 »
396 3464 747 3535 quaquam
796 3465 889 3513 ex
940 3442 1183 3514 morbo
1230 3443 1614 3534 periturum
1656 3465 1846 3529 esse,
1892 3445 2026 3517 nisi
2092 3445 2400 3517 deserar.
2435 3472 2467 3508 »

316 3565 482 3635 Haec
523 3564 728 3646 inter,
773 3562 1147 3657 impulsum
1175 3562 1473 3634 cubiculi
1498 3563 1808 3637 hostium
1844 3567 2164 3659 strepuit,
2193 3589 2334 3665 quo
2361 3588 2476 3638 so-

315 3687 463 3758 nitu
501 3696 573 3759 et
611 3686 840 3777 imago
880 3685 1137 3781 pariter
1178 3692 1249 3757 et
1290 3705 1580 3757 somnus
1630 3689 1932 3759 evanuit.
1983 3690 2306 3782 Respicio
2331 3745 2347 3774 ,
2401 3699 2470 3761 et

316 3810 453 3882 iam
495 3809 890 3881 albescente
931 3829 1209 3892 aurora,
1253 3828 1435 3879 unus
1465 3829 1560 3893 ex
1585 3806 1869 3884 medicis
1911 3811 2191 3885 amicior
2231 3810 2469 3885 ambo-

316 3933 476 4017 buS,
503 3931 740 4026 quide
779 3933 893 4005 illo
933 3933 1350 4026 desperanS,
1387 3954 1593 4005 omne
1627 3932 1932 4006 studium
1968 3936 2060 4008 ad
2093 3956 2204 4007 me
2239 3939 2467 4009 solan-

317 4056 483 4128 dum
534 4056 1062 4150 sanandumque
1114 4064 1583 4140 converterat,
1640 4066 1802 4127 ante
1857 4059 2182 4130 lectulum
2231 4080 2464 4130 meum

318 4166 562 4252 stabat.
600 4177 992 4271 Aggredior
1023 4178 1461 4252 carissimum
1495 4189 1568 4251 et
1594 4180 2269 4274 indulgentissimum
2296 4180 2464 4253 mihi

317 4303 544 4373 virum
621 4303 857 4374 multis
909 4301 1549 4388 obsecrationibus,
1611 4314 1686 4376 ut
1738 4282 1827 4378 ad
1877 4307 2174 4379 amicum
2231 4326 2460 4377 meum
