3104 4805
895 379 1077 426 mann
1122 378 1794 427 PRIMUS.—EPISTOLA
1839 380 1916 427 iv.
2396 367 2473 427 45

326 524 829 597 matronarum!
872 523 1076 594 Forte
1111 523 1435 594 Iohannis
1470 522 1800 615 Baptistae
1832 522 2069 614 vigilia
2101 535 2266 609 erat,
2305 525 2472 596 dum

324 651 482 720 illuc
516 645 843 741 applicui:
880 655 952 716 et
984 644 1118 717 iam
1157 646 1247 717 ad
1285 644 1715 718 occidentem
1757 646 1859 716 sol
1900 646 2256 737 vergebat.
2300 648 2476 718 Con-

324 772 552 844 festim
587 768 964 841 amicorum
1000 768 1267 839 monitu
1306 768 1487 862 (nam
1529 777 1601 838 et
1638 765 1733 837 ibi
1775 767 2033 839 amicos
2074 769 2266 861 prius
2308 770 2474 840 mihi

325 899 506 967 fama
537 901 924 987 pepererat,
962 914 1171 986 quam
1206 890 1552 985 meritum)
1592 890 1682 962 ab
1712 890 2015 984 hospitio
2042 893 2364 965 traducor
2388 894 2476 964 ad

328 1017 643 1101 fluvium,
672 1014 946 1106 insigne
983 1015 1453 1107 spectaculum
1486 1013 1796 1084 visurus.
1821 1014 1963 1085 Nec
1988 1014 2293 1086 fallebar:
2331 1037 2478 1087 om-

329 1139 437 1211 nis
472 1138 659 1211 enim
692 1138 842 1231 ripa
874 1139 1210 1230 praeclaro
1246 1146 1315 1206 et
1347 1134 1610 1227 ingenti
1652 1136 2019 1208 mulierum
2060 1136 2337 1229 agmine
2379 1148 2480 1208 te-

331 1261 642 1354 gebatur.
696 1258 1057 1353 Obstupui.
1110 1258 1217 1329 Dii
1257 1257 1456 1330 boni!
1506 1281 1667 1351 quae
1707 1261 1961 1330 forma!
2020 1281 2181 1353 quae
2229 1261 2470 1332 facies!

332 1385 488 1479 quis
524 1384 836 1456 habitus!
871 1404 1104 1454 amare
1138 1381 1480 1474 potuisset
1511 1382 1831 1475 quisquis
1857 1405 1940 1454 eo
1966 1405 2103 1454 non
2127 1406 2479 1477 praeoccu-

332 1518 563 1602 patum
597 1507 905 1578 animum
940 1504 1303 1577 attulisset.
1341 1506 1419 1574 In
1452 1507 1604 1577 loco
1638 1507 1842 1598 paulo
1876 1507 2115 1579 altiore
2153 1508 2480 1579 constite-

334 1653 477 1703 ram
504 1631 690 1702 unde
716 1629 786 1699 in
811 1650 896 1700 ea
919 1649 1080 1723 quae
1106 1627 1527 1719 gerebantur
1561 1628 2012 1701 intenderem.
2049 1629 2477 1702 Incredibilis

335 1752 493 1824 sine
547 1751 925 1823 offensione
985 1773 1370 1822 concursus
1431 1761 1615 1823 erat:
1676 1750 2128 1845 vicissimque
2187 1756 2475 1836 alacreS,

332 1897 496 1967 pars
537 1873 773 1946 herbis
815 1874 1176 1947 odoriferis
1219 1864 1559 1958 incinctae,
1605 1874 2052 1966 reductisque
2091 1885 2249 1967 post
2285 1874 2481 1946 cubi-

334 2008 482 2068 tum
523 1997 837 2083 maniciS,
877 1998 1206 2070 candidas
1243 1998 1313 2067 in
1347 1996 1625 2089 gurgite
1657 2018 1906 2068 manus
1948 2019 2029 2068 ac
2068 1996 2352 2068 brachia
2383 1999 2482 2067 la-

332 2120 617 2206 vabant,
649 2122 885 2193 nescio
919 2122 1088 2214 quid
1121 2121 1450 2192 blandum
1484 2118 1852 2213 peregrino
1887 2142 2241 2191 murmure
2275 2121 2483 2192 collo-

332 2256 645 2339 quentes.
695 2245 838 2315 Vix
884 2266 1238 2336 nunquam
1288 2243 1540 2315 clarius
1583 2241 1900 2339 intellexi·
1933 2243 2122 2335 quod
2171 2241 2481 2314 Ciceroni

333 2369 577 2461 placet,
609 2377 679 2439 et
710 2366 932 2438 veteri
965 2364 1336 2460 proverbio
1370 2364 1504 2438 dici
1540 2367 1739 2438 solet:
1776 2364 1953 2437 inter
1987 2365 2260 2457 linguas
2295 2365 2483 2438 inco-

333 2491 561 2583 gnitas
586 2513 828 2563 omnes
858 2491 1359 2584 propemodum
1388 2490 1639 2561 surdos
1667 2512 1749 2561 ac
1780 2500 2007 2562 mutos
2034 2511 2218 2561 esse.
2256 2491 2481 2561 Unum

334 2610 506 2681 mihi
554 2612 869 2684 solatium
926 2612 1478 2705 gratissimorum
1529 2611 1980 2705 interpretum
2031 2636 2170 2686 non
2219 2614 2480 2685 deerat.

334 2736 531 2820 Nam,
570 2744 641 2807 et
682 2736 811 2807 hoc
844 2736 1021 2808 inter
1046 2746 1295 2808 cuncta
1318 2734 1679 2820 mirabere,
1718 2738 1967 2807 coelum
2004 2736 2170 2808 illud
2199 2737 2481 2830 spiritus

336 2856 593 2930 Pierios
636 2861 844 2931 alere.
887 2859 1124 2952 Itaque
1165 2858 1332 2929 dum
1375 2856 1661 2928 miratur
1693 2858 2041 2928 Iuvenalis
2076 2858 2264 2950 quod

653 3016 833 3080 Gallia
865 3015 1198 3079 causidicos
1230 3016 1433 3078 docuit
1464 3016 1717 3081 facunda
1747 3016 2088 3093 BritannOS,

337 3173 620 3245 miretur
652 3174 887 3246 itidem

656 3320 834 3384 Docta
869 3323 1035 3401 quod
1069 3328 1317 3400 argutos
1350 3323 1498 3385 aluit
1533 3321 1851 3386 Germania
1887 3331 2074 3388 vates

338 3474 454 3559 At,
492 3496 581 3545 ne
615 3498 725 3547 me
758 3489 1039 3551 auctore
1064 3480 1344 3565 fallaris,
1378 3481 1547 3552 scito
1574 3480 1669 3551 ibi
1695 3483 1958 3552 nullum
1985 3481 2338 3551 Maronem
2372 3500 2486 3547 es-

340 3620 438 3682 se,
466 3598 779 3670 Nasones
805 3602 1166 3694 plurimos;
1194 3613 1271 3674 ut
1294 3603 1486 3676 dicas
1513 3624 1763 3673 verum
1788 3601 2008 3673 fuisse
2031 3599 2479 3694 praesagium,

340 3719 533 3811 quod
565 3718 635 3789 in
671 3719 808 3793 fine
841 3723 996 3795 libri
1022 3727 1662 3820 Metamorphoseos
1697 3726 1988 3796 multum
2029 3726 2144 3794 vel
2192 3721 2487 3815 posteri-

340 3840 504 3912 tatis
540 3844 779 3933 gratiae
812 3848 924 3916 vel
958 3847 1236 3941 ingenio
1271 3872 1399 3922 suo
1432 3847 1660 3921 fidens
1694 3848 1904 3941 ponit.
1958 3846 2312 3938 Siquidem
2346 3868 2484 3937 qua

341 3965 649 4037 Romana
683 3969 1011 4058 potentia,
1052 3993 1177 4044 seu
1203 3973 1462 4056 verius,
1492 3993 1631 4065 qua
1656 3974 2041 4043 Romanum
2075 3992 2326 4042 nomen
2361 3970 2486 4041 do-

341 4087 505 4161 mito
536 4090 707 4162 orbe
744 4115 823 4164 se
856 4094 1171 4186 porrigit,
1210 4094 1665 4188 plausibiliter
1697 4118 1880 4167 nunc
1920 4093 2216 4166 faventis
2252 4093 2481 4189 populi

340 4233 459 4283 ore
493 4216 893 4326 perlegitur.
932 4217 1056 4288 His
1094 4239 1225 4306 ego
1259 4217 1623 4290 comitibus
1660 4217 1778 4289 ubi
1812 4216 1980 4310 quid
2014 4215 2434 4287 audiendum
2464 4269 2477 4295 ‚
