3104 4805
915 358 1097 406 mima
1140 358 1531 414 Qu1xrus.-—
1557 361 1856 408 EPISTULA
1903 363 2026 410 xix.
2431 353 2537 411 301

398 500 579 569 circa
633 499 1040 570 miserorum
1109 500 1509 591 grabatulos
1566 523 1818 593 magno
1892 503 2102 574 boatu
2162 505 2545 600 disputant;

399 632 609 716 atque
636 623 765 694 illis
794 621 1266 708 morien-tibus,
1296 623 1813 718 Hippocraticos
1841 624 2060 697 nodos
2088 627 2393 700 Tulliano
2410 638 2551 700 sta-

404 747 587 817 mine
617 745 1137 838 permiscenteS‚
1160 745 1440 818 sinistro
1466 747 1792 839 quamvis
1817 758 2092 830 eventu,
2126 751 2548 841 superbiunt,

402 891 529 940 nec
565 891 795 939 rerum
831 868 1220 953 effectibus,
1263 869 1389 941 sed
1424 867 1611 940 inani
1639 869 2019 942 verborum
2046 872 2387 961 elegantia
2411 876 2556 963 glo-

405 992 688 1064 riantur.
731 990 835 1061 Ac
875 1013 962 1062 ne
997 991 1166 1085 quid
1199 1014 1240 1063 a
1281 1013 1393 1061 me
1436 991 1643 1064 hodie
1695 991 1932 1064 fictum
1983 991 2230 1065 medici
2284 993 2379 1063 tui
2433 1016 2558 1086 pu-

407 1126 574 1200 tent,
618 1137 827 1207 quem
873 1136 1062 1208 saepe
1108 1114 1384 1187 nomino
1418 1115 1745 1200 Plinium,
1789 1117 1980 1210 quod
2004 1116 2065 1188 is
2101 1126 2173 1187 et
2210 1117 2300 1189 de
2344 1118 2561 1191 medi-

405 1238 575 1308 cinis
621 1241 834 1309 multa
873 1248 945 1309 et
1000 1239 1090 1311 de
1123 1238 1411 1310 medicis
1454 1240 1653 1332 plura
1686 1261 1896 1333 quam
1938 1239 2312 1333 quisquam
2347 1248 2418 1311 et
2445 1264 2565 1313 ve-

406 1361 586 1432 riora
627 1361 916 1446 diceret,
962 1362 1031 1432 in
1074 1362 1396 1434 omnibus
1447 1364 1593 1434 fere
1633 1363 1843 1434 huius
1895 1363 2210 1456 epistolae
2250 1364 2563 1460 partibus

406 1483 655 1555 ducem
697 1483 929 1555 habui.
973 1486 1208 1580 Ipsum
1250 1509 1418 1578 ergo
1444 1485 1755 1557 audiant.
1788 1485 2041 1571 Palam,
2074 1488 2309 1580 inquit,
2348 1498 2458 1570 est,
2493 1498 2566 1556 ut

407 1607 672 1698 quisque
713 1608 887 1674 inter
948 1609 1102 1677 istos
1170 1605 1487 1698 loquendo
1538 1610 1809 1699 polleat,
1872 1610 2331 1700 imperatorem
2389 1610 2565 1679 illico

409 1730 563 1796 vitae
598 1740 837 1798 nostrae
878 1730 1179 1821 necisque
1215 1732 1382 1823 fieri.
1439 1731 1579 1802 Sed
1620 1752 1753 1822 ego
1788 1730 2061 1821 longius
2103 1754 2311 1823 quam
2352 1732 2569 1803 desti-

411 1870 761 1934 naveram,
809 1860 999 1923 metu
1039 1854 1382 1924 calamum
1429 1862 1751 1944 urgente,
1804 1860 2179 1947 provectus
2240 1874 2418 1925 sum.
2482 1856 2568 1926 Ut

284 1965 291 1972 ’
409 1995 581 2046 vero
624 1974 759 2044 iam
801 1975 1137 2060 desinam,
1195 1975 1541 2047 medicum
1579 1997 1716 2046 non
1756 1975 2044 2046 consilio
2108 1976 2235 2048 sed
2294 1976 2569 2068 eloquio

409 2099 809 2192 pollentem,
858 2100 1053 2169 velut
1091 2098 1563 2170 insidiatorem
1604 2098 1800 2184 vitae,
1848 2097 2175 2169 sicarium
2200 2108 2321 2169 aut
2361 2120 2570 2170 vene-

411 2219 618 2292 ficum
685 2221 911 2293 vitare
949 2221 1190 2293 debes.
1228 2221 1404 2294 Huic
1444 2221 1727 2314 quidem
1778 2221 1929 2292 iure
1973 2221 2232 2314 optimo
2272 2220 2409 2292 dici
2450 2242 2572 2314 po-

411 2355 547 2416 test
569 2346 758 2439 quod
783 2346 1053 2440 loquaci
1081 2368 1303 2440 coquo
1328 2346 1686 2419 Plautinus
1713 2347 1826 2418 ille
1857 2367 2076 2419 senex
2102 2347 2170 2417 in
2186 2348 2568 2418 Aulularia.-

412 2466 565 2554 Abi,
609 2470 861 2563 inquit,
901 2493 1100 2564 opera
1124 2474 1225 2541 hic
1253 2471 1573 2542 conducta
1607 2483 1698 2542 est
1739 2482 1984 2553 vestra,
2031 2494 2166 2540 non
2200 2473 2430 2542 oratio.
2459 2469 2571 2542 Ad

412 2593 565 2664 haec
602 2604 672 2664 et
697 2605 1014 2667 exactam
1045 2595 1141 2665 tui
1168 2596 1587 2679 custodiam,
1625 2607 1694 2667 et
1739 2595 1922 2688 (quae
1965 2596 2056 2666 ad
2100 2596 2394 2665 salutem
2419 2615 2572 2666 cor-

411 2715 599 2809 poris
641 2716 835 2788 miris
861 2716 1086 2789 modis
1115 2718 1472 2812 adiuvant)
1521 2739 1717 2812 spem
1760 2718 2011 2789 bonam
2045 2740 2124 2790 ac
2151 2719 2384 2787 laetum
2421 2715 2569 2787 ani-

413 2860 602 2909 mum
630 2838 910 2924 habeto,
953 2840 1013 2910 si
1041 2850 1135 2927 te,
1183 2842 1243 2913 si
1277 2838 1406 2912 nos
1449 2863 1722 2925 omneS,
1768 2841 1826 2911 si
1863 2851 2089 2913 tecum
2116 2822 2567 2931 aegrotantem

414 2960 796 3032 Ecclesiam
835 2962 1100 3034 salvam
1136 2962 1354 3055 cupis.
1391 2961 1584 3033 Vale.

702 3100 782 3155 111
820 3101 951 3156 Idus
990 3102 1187 3156 Martii.
