3104 4805
918 405 1101 454 mnan
1144 405 1913 457 SECUNDUS.—EPISTOLA
1955 410 2034 459 ιν.
2429 399 2546 461 105

394 546 925 620 munificentiam
966 550 1461 642 contemplare3
1494 572 1659 644 quae
1695 561 1884 623 tanta
1921 554 2077 638 fuit,
2132 565 2208 626 ut
2244 556 2547 647 egentis-

372 672 607 743 ‘simas
666 672 822 743 licet
880 670 977 743 tui
1024 695 1288 745 manus
1348 674 1869 766 perseverando
1919 678 2279 749 laxaverit.
2345 680 2548 750 Utere

396 800 595 867 laetus
654 796 1083 867 immunitate
1144 796 1264 866 tibi
1321 819 1506 868 nunc
1555 820 1913 870 concessa:
1970 799 2068 870 sic
2117 802 2358 892 patriae
2407 813 2546 872 tuae

398 920 667 1005 moenia,
701 929 1053 1012 tamquam
1079 919 1458 1013 inquietum
1495 920 1833 992 libertatis
1859 921 2155 1015 propriae
2179 944 2544 1010 carcerem,

402 1043 786 1115 recordare.
822 1043 1163 1113 Evasisti:
1197 1053 1290 1127 et,
1328 1043 1518 1136 quod
1554 1066 1884 1136 magnum
1931 1055 2059 1130 est,
2113 1045 2400 1137 contigit
2446 1046 2552 1121 iu—

402 1166 720 1238 bentibus
772 1165 962 1238 abire
1003 1165 1435 1238 custodibus.
1482 1166 1783 1252 Insanis,
1832 1168 1893 1240 si
1931 1168 2106 1261 quid
2145 1171 2317 1241 forte
2365 1192 2552 1241 com-

403 1289 643 1375 mittis,
687 1299 767 1360 ut
811 1290 1078 1362 redeas.
1122 1288 1232 1360 Ad
1289 1289 1405 1360 illa
1463 1289 1694 1381 potius
1754 1301 1823 1361 te
1879 1302 2236 1377 converte,
2296 1292 2552 1386 quibus

403 1412 931 1485 adolescentiam
964 1411 1444 1496 dedicaveras3
1487 1433 1650 1507 quae
1685 1413 2114 1485 robustiores
2143 1437 2360 1486 annos
2399 1427 2552 1487 tuos

402 1534 725 1607 fecissent
758 1536 999 1629 utique
1034 1537 1466 1629 tranquillos,
1496 1534 1647 1618 nisi,
1677 1557 1886 1627 quam
1915 1536 2144 1607 adhue
2169 1536 2551 1622 desideraS,
2683 1602 2688 1611 .

406 1660 621 1753 patria
656 1662 1015 1733 vetuisset.
1065 1660 1347 1731 Facient
1396 1671 1628 1731 autem
1674 1663 1978 1753 profecto
2018 1662 2551 1755 placidissimam

407 1794 477 1853 et
504 1784 977 1856 venerabilem
1015 1792 1461 1870 senectutem,
1503 1805 1632 1854 nec
1662 1783 1853 1854 exilii
1880 1784 2116 1869 mode,
2157 1785 2285 1856 sed
2319 1785 2558 1857 fortui-

410 1916 630 1977 tarum
663 1928 894 1977 rerum
931 1906 1237 1977 omnium
1273 1906 1856 1999 contemptricem.
1892 1907 1992 1976 De
2027 1905 2274 1977 studiis
2311 1906 2560 1978 libera-

411 2028 588 2101 libus
620 2032 902 2124 loquor,
950 2040 1021 2101 et
1068 2029 1458 2122 praesertim
1509 2027 1601 2099 de
1649 2027 1763 2099 illa
1810 2037 2005 2120 parte
2055 2027 2556 2123 philosophiae,

408 2171 566 2244 quae
600 2150 763 2222 vitae
797 2151 1133 2244 magistra
1163 2161 1291 2223 est.
1335 2152 1500 2222 Haec
1536 2161 1611 2222 tu
1639 2173 1995 2244 nunquam
2016 2149 2244 2222 animo
2269 2171 2557 2242 prorsus

410 2274 904 2358 intermiseraS,
950 2275 1083 2345 etsi
1118 2296 1487 2367 parumper
1536 2273 1627 2346 ab
1659 2274 1761 2345 eis
1798 2282 1865 2344 te
1897 2272 2206 2344 civilium
2238 2272 2563 2364 negocio-

336 2421 345 2430 *
413 2420 562 2469 rum
630 2396 926 2492 impetus
980 2408 1274 2482 arceret3
1335 2421 1520 2469 nunc
1578 2420 1750 2470 vero
1808 2396 1954 2482 his,
2016 2394 2342 2489 quoniam
2393 2392 2561 2500 nihil

412 2519 662 2604 obstat,
700 2530 884 2592 totus
920 2521 1266 2606 incumbe,
1305 2531 1511 2614 teque
1562 2520 1960 2592 melioribus
1996 2519 2322 2612 auspiciis
2355 2538 2562 2588 novae

416 2644 581 2714 vitae
614 2643 807 2715 offer:
841 2655 911 2716 et
945 2645 1195 2716 talibus
1231 2644 1536 2716 animum
1571 2665 1825 2715 exerce
1850 2642 2278 2714 muneribus.
2305 2643 2564 2731 Relegc

417 2777 730 2838 veterum
791 2768 1149 2851 historias;
1207 2777 1501 2861 quantas
1563 2767 2040 2839 aemulationes
2099 2766 2564 2836 Romanorum

417 2891 689 2977 ducum,
721 2902 791 2962 et
813 2892 1096 2984 quidem
1131 2889 1502 2962 illustrium
1537 2889 1699 2960 hinc
1734 2888 1997 2982 reperis
2033 2898 2337 2971 exortaS,
2375 2884 2563 2979 quod

418 3025 535 3086 aut
569 3038 646 3086 se
678 3015 981 3108 quisque
1013 3014 1527 3108 quamprimum
1562 3024 1765 3084 extra
1797 3010 2084 3104 patriam
2123 3009 2296 3080 mitti
2333 3010 2562 3094 vellet,

418 3148 537 3209 aut
570 3139 795 3210 serius
833 3138 1192 3210 revocari?
1218 3139 1373 3223 Cur,
1405 3140 1694 3231 quaeso‘?
1727 3135 1861 3207 nisi
1886 3133 2051 3230 quia
2075 3135 2294 3219 dulce,
2319 3133 2567 3205 natalis

421 3264 548 3334 soli
613 3263 926 3334 caruisse
992 3262 1381 3347 dulcedine,
1452 3263 1621 3335 dum
1689 3259 1999 3333 latiorem
2060 3258 2219 3330 alibi
2291 3256 2569 3328 virtutis

421 3386 836 3458 exercendae
870 3385 1224 3458 materiam
1263 3386 1693 3459 invenirent?
1718 3383 2094 3457 Celebratis
2130 3381 2422 3455 comitiis
2461 3400 2574 3448 so-

425 3508 657 3579 lebant
687 3510 1006 3580 consules
1059 3507 1450 3601 provincias
1504 3506 1762 3590 sortiri3
1817 3516 1888 3577 et
1935 3507 2117 3575 illam
2171 3498 2574 3593 generosior

424 3630 692 3702 animus
727 3631 1032 3726 optabat,
1072 3632 1141 3701 in
1175 3654 1315 3726 qua
1347 3628 1636 3723 periculi
1670 3627 2044 3720 plurimum
2079 3621 2391 3692 videbat:
2434 3643 2573 3691 non

423 3754 610 3846 quod
653 3778 779 3848 pro
822 3777 899 3826 se
949 3756 1320 3849 quisquam
1366 3752 1740 3835 hominum,
1781 3746 1912 3818 nisi
1961 3764 2225 3828 amens,
2272 3741 2576 3836 pericula

430 3899 551 3948 seu
577 3876 1009 3951 difficultates
1037 3880 1272 3972 eligat,
1315 3877 1438 3950 sed
1471 3875 1662 3970 quod
1687 3871 1964 3946 virtutis
1993 3869 2318 3963 splendor
2343 3868 2414 3938 in
2441 3866 2574 3939 illis

424 3999 740 4072 facillime
765 4003 1086 4076 videatur
1112 4025 1460 4096 apparere.
1491 4001 1927 4091 Quapropter
1953 3993 2107 4064 sive
2131 3992 2419 4064 exilium
2445 3991 2578 4063 hoc

428 4134 623 4196 tuum
666 4129 815 4199 lene
852 4139 991 4211 est,
1037 4139 1107 4199 et
1146 4127 1535 4218 importuna
1572 4120 1856 4215 querela
1897 4126 2029 4200 est,
2075 4115 2256 4185 inter
2294 4110 2576 4195 blanda,

432 4248 980 4335 vociferantium3
1019 4248 1169 4322 sive
1207 4247 1464 4319 durum
1501 4256 1571 4318 et
1617 4247 2008 4324 molestum,
2055 4236 2245 4331 quod
2283 4234 2581 4326 populus
