3104 4805
867 384 1053 433 Lmen
1097 385 1810 434 manus—EPISTULA
1861 389 1965 435 xu.
2377 378 2486 438 167

349 529 754 622 firmatoque
808 527 1186 622 proposito,
1229 540 1301 599 et
1356 526 1717 621 primaevae
1777 529 2159 601 insolentiae
2226 540 2492 603 tumore

348 674 770 747 compresso,
809 674 936 747 per
968 651 1425 725 modestiores
1466 663 1675 745 atque
1703 652 2086 725 sereniores
2122 656 2345 727 fetatis
2371 678 2493 727 an-

347 795 472 844 nos
512 775 856 846 tutissime
893 774 1207 871 pergitur
1245 775 1335 847 ad
1371 777 1698 846 salutem:
1740 776 2065 867 quamvis
2107 778 2292 848 nulla
2318 788 2490 849 aetas

347 898 640 990 repulsa,
686 898 969 982 nullum,
1015 907 1091 969 ut
1130 898 1298 981 dixi,
1342 921 1569 990 genus
1611 898 1967 970 hominum
2005 920 2245 970 eorum
2280 901 2491 993 quiin

345 1018 573 1111 aliqua
611 1019 906 1091 honesta
947 1020 1444 1094 exercitatione
1483 1031 1886 1106 versantur,
1925 1021 2014 1092 ab
2054 1021 2185 1093 hoc
2225 1023 2496 1094 tramite

345 1141 436 1211 sit
473 1145 864 1214 exclusum:
899 1152 1332 1235 constetque,
1370 1142 1568 1215 iuxta
1601 1143 1848 1214 Plotini
1885 1144 2319 1228 sententiam,
2358 1166 2495 1215 non

343 1266 755 1357 purgatoriis
781 1266 988 1339 modo
1012 1268 1419 1361 purgatique
1445 1267 1580 1339 iam
1617 1266 1827 1338 animi
1855 1265 2015 1362 (sic),
2050 1267 2177 1339 sed
2201 1266 2494 1360 politicis

342 1408 617 1479 quoque
657 1389 1031 1462 virtutibus
1067 1389 1350 1461 beatum
1400 1388 1572 1461 fieri.
1629 1391 1716 1461 Ut
1764 1391 1949 1461 enim
1999 1389 2256 1483 aliquid
2309 1412 2496 1462 more

341 1518 735 1581 nostrorum
776 1512 1042 1604 loquar,
1089 1522 1373 1584 actuosa
1405 1513 1703 1584 Marthae
1732 1511 2093 1584 solicitudo
2128 1534 2266 1584 non
2304 1535 2496 1605 sper-

341 1633 552 1719 nitur,
597 1636 920 1728 quamvis
956 1636 1316 1709 sublimior
1354 1637 1838 1730 contemplatio
1865 1638 1955 1708 sit
1980 1619 2238 1709 Mariai.
2268 1635 2493 1708 Habes

338 1777 531 1848 erg0,
576 1757 965 1845 carissime,
1020 1772 1358 1854 quantum
1410 1761 1590 1833 inter
1640 1761 1849 1832 huius
1897 1761 2225 1854 temporis
2278 1783 2497 1853 angu-

341 1877 509 1950 stias
554 1878 764 1965 licuit,
809 1903 1026 1952 unum
1067 1882 1155 1953 de
1203 1883 1567 1974 postulatis
1611 1882 1777 1967 tuis,
1808 1883 2010 1975 quod
2049 1882 2202 1967 suit,
2249 1894 2325 1954 ut
2375 1883 2494 1953 tibi

338 2022 464 2093 pro
498 2001 968 2075 informatione
1009 2005 1175 2076 vitae
1209 2005 1471 2098 aliquid
1512 2006 1911 2078 scriberem.
1941 2004 2170 2077 Habes
2206 2006 2360 2090 hoc,
2392 2007 2495 2076 in-

338 2146 577 2215 quam,
622 2148 747 2219 pro
787 2127 993 2198 unius
1035 2131 1463 2201 antelucanae
1498 2129 1758 2221 vigiliae
1810 2128 2057 2222 spatio,
2095 2126 2310 2201 breve
2342 2128 2497 2221 qui-

337 2245 519 2332 dem,
566 2249 691 2320 sed
725 2250 794 2320 in
830 2271 926 2336 se,
966 2261 1040 2321 ut
1081 2250 1394 2335 arbitror,
1440 2251 1854 2338 absolutum,
1902 2252 1962 2323 si
2001 2251 2170 2323 illud
2211 2249 2496 2323 addide-

339 2393 456 2443 ro:
506 2371 1060 2466 compendiosam
1130 2374 1444 2447 semitam
1516 2374 1607 2447 ad
1670 2376 1995 2450 virtutem
2054 2376 2280 2448 visam
2336 2396 2496 2448 esse

340 2496 797 2589 philosophis,
836 2507 913 2568 ut
953 2499 1127 2581 tales
1161 2498 1336 2570 effici
1389 2500 1831 2584 studeamuS‚
1885 2501 2127 2593 quales
2176 2500 2495 2592 cupimus

339 2639 703 2711 apparere;
752 2630 824 2691 et
883 2621 1077 2706 illud,
1129 2644 1270 2715 quo
1330 2621 1496 2693 nihil
1551 2646 1705 2695 reor
1743 2624 2129 2695 efficacius:
2167 2621 2381 2716 quod,
2420 2632 2500 2693 ut

337 2740 605 2813 eisdem
658 2744 905 2836 placet,
963 2753 1103 2817 tota
1160 2746 1523 2818 doctorum
1575 2746 1930 2818 hominum
1988 2746 2159 2827 vita,
2223 2745 2493 2818 nonnisi

338 2867 825 2937 commentatio
865 2867 1107 2939 mortis
1147 2877 1277 2939 est.
1316 2869 1666 2940 Hactenus
1708 2869 1883 2954 haec,
1928 2888 2091 2960 quae
2133 2889 2269 2938 non
2312 2874 2387 2937 ut
2430 2876 2495 2937 te

339 2988 648 3075 doceam,
680 2990 810 3063 sed
844 2999 919 3061 ut
952 2991 1384 3078 admoneam,
1416 3015 1497 3064 ac
1522 2990 1926 3063 memoriam
1968 2987 2285 3073 excitem,
2314 2988 2499 3061 dicta

341 3124 520 3184 sunt.
565 3113 934 3207 Reliquum
974 3126 1125 3186 erat
1164 3124 1241 3185 ut
1267 3124 1334 3186 te
1367 3114 1657 3187 memori
1685 3113 1915 3185 animo
1939 3111 2496 3184 commendatum

339 3233 698 3319 haberem3
741 3236 934 3307 iuvat
972 3237 1155 3308 enim
1196 3235 1434 3310 verbis
1475 3236 1685 3309 etiam
1731 3235 1864 3307 tuis
1909 3236 2029 3306 uti.
2060 3234 2135 3305 Id
2163 3255 2334 3305 vero
2360 3233 2496 3302 iam

341 3355 606 3429 dudum
646 3362 902 3432 sactum
943 3382 1103 3433 esse
1137 3358 1485 3433 confidito.
1530 3361 1644 3430 Ex
1684 3382 1824 3452 quo
1867 3369 1934 3430 te
1974 3358 2274 3453 primum
2327 3352 2491 3437 vidi,

295 3529 305 3538 -
341 3483 711 3574 imaginem
755 3496 943 3558 tuam
977 3507 1072 3556 ex
1106 3486 1473 3558 adamante
1506 3481 1887 3578 purissimo
1911 3482 2070 3553 imis
2099 3475 2495 3574 praecordiis

342 3605 798 3680 indelebiliter
824 3610 1037 3694 affixi,
1068 3631 1280 3704 quam
1307 3609 1496 3678 nulla
1531 3607 1819 3678 revellet
1844 3605 2016 3689 dieS,
2045 3603 2275 3673 nullus
2303 3603 2495 3672 locus

340 3716 663 3803 excutiet.
691 3733 1106 3805 Extremum
1134 3741 1260 3817 est,
1291 3739 1369 3804 ut
1391 3741 1462 3802 et
1485 3728 1726 3801 virtuti
1751 3738 1822 3799 et
1845 3730 2139 3799 sortunae
2169 3733 2306 3794 tuae
2337 3744 2495 3815 gra-

344 3854 544 3938 tuler,
583 3854 839 3947 quibus
866 3856 1037 3927 tanti
1063 3855 1389 3951 principis
1416 3852 1809 3925 affinitatem
1838 3873 1918 3923 ac
1943 3847 2493 3919 benevolentiam
2594 3928 2602 3936 .

342 3974 682 4061 meruisti,
727 3986 798 4046 et
830 3999 954 4070 pro
987 3977 1324 4048 charitate
1358 3976 1519 4048 huic
1559 3975 1870 4069 impensa
1913 3970 2220 4044 seniculo
2260 3978 2494 4061 grates

341 4117 565 4187 agam.
608 4098 798 4170 Vale.
1659 4094 1667 4100 ’

629 4247 712 4301 Ad
744 4248 951 4301 sontem
977 4248 1180 4318 Sorgiae
1200 4290 1215 4315 ,
1247 4248 1366 4303 Kal.
1401 4248 1658 4303 ianuarii.
