3104 4805
571 351 690 413 200
1250 367 1330 413 nn
1375 366 1574 414 naurs
1618 365 2056 413 mmmmunus

569 509 750 581 idem
786 509 1066 603 parendi
1108 511 1557 603 propositum.
1603 507 1830 603 Atque
1871 511 2215 581 adventus
2257 508 2538 599 quidem
2591 512 2725 581 mei

570 653 935 716 summam,
980 631 1396 725 viarumque
1435 653 1672 716 oasuS,
1717 643 1786 705 et
1825 651 1985 724 quae
2026 630 2354 724 deinceps
2397 632 2467 702 in
2509 632 2726 727 capti-

567 775 810 825 vorum
851 766 1123 827 tuorum
1162 755 1454 847 negotiis
1489 756 1676 849 apud
1708 755 2059 849 Neapolim
2095 765 2291 846 gesta
2319 767 2498 840 sunt,
2527 776 2724 849 quae-

567 900 654 948 ve
694 878 765 948 in
806 877 1148 970 reliquum
1192 899 1355 974 spes
1409 878 1734 971 supersit,
1790 877 2066 950 audisti.
2110 877 2293 949 Audi
2328 901 2512 950 nunc
2562 878 2722 951 reli-

562 1022 728 1094 qua,
766 1000 1018 1094 quibus
1047 1012 1123 1072 ut
1147 1003 1406 1073 irarum
1441 1001 1638 1087 nihil,
1681 1000 1781 1073 sic
1814 1001 2289 1074 delectationis
2323 1003 2715 1097 plusculum

561 1124 783 1197 inerit.
827 1122 1177 1218 Siquidem
1219 1124 1721 1217 expectationis
1775 1124 2032 1196 inutilis
2076 1147 2156 1197 ac
2196 1124 2547 1197 diuturnae
2589 1136 2715 1197 tae-

561 1249 677 1321 dio
719 1248 1031 1333 affectus,
1076 1249 1473 1341 Garganum
1518 1259 1823 1321 montem
1865 1247 2380 1341 Brundusiique
2405 1257 2705 1341 portum,

535 1387 767 1468 ,atque
808 1374 993 1444 illum
1035 1394 1309 1444 omnem
1351 1373 1584 1467 superi
1625 1374 1835 1445 maris
1901 1382 2196 1445 tractum
2256 1375 2550 1445 lustrare
2589 1373 2712 1445 de-

558 1519 943 1582 creveram,
990 1519 1125 1569 non
1168 1498 1390 1589 magis
1433 1497 1547 1569 illa
1588 1497 1900 1583 videndi,
1946 1521 2154 1591 quam
2190 1497 2324 1568 ista
2357 1496 2710 1589 linquendi

559 1619 937 1703 desiderio;
977 1619 1165 1714 quod
1230 1631 1481 1702 tamen,
1551 1620 1818 1712 Regina
1884 1621 2157 1694 seniore
2210 1619 2706 1704 dissuadente,

557 1743 978 1837 compescui,
1007 1753 1078 1815 et
1102 1743 1429 1835 longioris
1456 1742 2028 1837 peregrinationis
2063 1743 2397 1836 impetum
2426 1743 2515 1815 ad
2549 1764 2711 1837 pro-

557 1866 854 1939 ximiora
917 1878 1100 1940 certe
1163 1877 1230 1939 et
1295 1867 1719 1939 mirabiliora
1785 1865 2113 1938 converti.
2182 1866 2384 1951 Quod
2427 1866 2486 1938 si
2537 1868 2709 1939 forte

554 1989 716 2062 hinc
754 1991 1074 2082 digresso
1105 2001 1176 2062 et
1213 1990 1324 2062 illa
1366 1990 1670 2062 invisere
1704 1988 1866 2060 anni
1910 1999 2177 2082 tempus
2220 2012 2357 2061 non
2403 2011 2711 2081 negave-

555 2114 666 2198 rit,
720 2114 1026 2186 laborem
1085 2112 1233 2206 ipse
1298 2135 1526 2184 meum
1592 2113 1895 2197 solabor;
1947 2112 2165 2206 quod,
2218 2112 2539 2205 quamvis
2580 2135 2709 2207 pro

553 2237 807 2331 quibus
853 2256 1176 2309 veneram
1217 2235 1384 2305 nihil
1423 2236 1732 2320 fecerim,
1786 2238 2007 2307 multa
2059 2244 2311 2321 tamen,
2355 2257 2518 2329 quae
2569 2259 2708 2309 non

553 2359 913 2452 putabam,
960 2356 1272 2430 viderim.
1317 2357 1455 2430 Sed
1495 2357 1587 2430 de
1625 2358 1809 2431 illius
1843 2358 2107 2452 ingenti
2142 2361 2286 2431 fere
2322 2358 2530 2431 totius
2573 2359 2709 2430 Ita—

553 2481 662 2550 liae
701 2478 963 2561 ambitu
1003 2478 1092 2550 ad
1135 2488 1200 2549 te
1240 2479 1536 2565 rediens,
1580 2481 1728 2553 vita
1755 2505 1889 2555 non
1915 2483 2300 2567 deserente,
2329 2505 2560 2556 coram
2606 2485 2706 2554 lo-

552 2623 746 2692 quar.
789 2601 956 2671 Visa
997 2600 1729 2697 hactenus-quoniam
1757 2604 1885 2675 hac
1909 2604 2113 2676 citius
2141 2607 2255 2677 via
2290 2607 2358 2676 in
2394 2602 2705 2679 notitiam

553 2733 742 2793 tuam
783 2731 1080 2795 ventura
1124 2735 1311 2806 sunt,
1359 2723 1635 2817 scriptis
1670 2726 2081 2818 perferenda
2120 2728 2454 2797 commisi.
2499 2731 2705 2802 Baias

550 2866 711 2935 ego,
757 2844 1161 2917 clarissimis
1202 2844 1375 2916 viris
1417 2845 1721 2916 Iohanne
1777 2828 2020 2930 Barili,
2082 2858 2151 2917 et
2198 2846 2497 2919 Barbato
2548 2872 2703 2921 meo

551 2967 1065 3052 comitantibuS,
1108 2968 1276 3041 vidi.
1320 2969 1519 3040 Nulla
1560 2967 1723 3038 mihi
1766 2966 1989 3039 laetior
2031 2968 2183 3040 dies
2218 2979 2289 3039 et
2322 2970 2698 3041 amicorum

551 3093 879 3168 comitatu
915 3102 986 3165 et
1018 3092 1356 3165 varietate
1410 3115 1641 3165 rerum
1694 3091 2091 3177 illustrium,
2129 3102 2199 3164 et
2234 3090 2483 3163 vicinia
2525 3090 2701 3160 mul-

553 3227 778 3288 torum
832 3217 1127 3289 tristium
1186 3216 1480 3289 dierum.
1541 3216 1863 3289 Vidimus
1913 3213 2105 3288 illum
2143 3214 2460 3286 'hibernis
2511 3236 2705 3286 men-

552 3338 748 3411 sibus
788 3362 1265 3433 peramoenum
1310 3341 1571 3424 sinum,
1617 3361 1822 3433 quem
1877 3341 1979 3410 sol
2028 3338 2351 3424 aestivuS,
2396 3336 2530 3409 nisi
2581 3339 2707 3408 fal-

550 3465 680 3551 lor,
723 3464 1018 3537 infestat.
1060 3465 1242 3536 Nihil
1282 3465 1468 3537 enim
1508 3475 1766 3561 praeter
1804 3464 2193 3557 opinionem
2235 3463 2489 3536 habeo:
2529 3488 2707 3534 nun-

551 3607 758 3679 quam
801 3609 912 3658 me
944 3586 1057 3659 hic
1097 3596 1311 3658 aestas
1356 3586 1628 3681 reperit.
1693 3585 1964 3658 Tertius
2008 3609 2232 3659 annus
2274 3595 2384 3658 est
2422 3608 2542 3656 ex.
2569 3609 2706 3680 quo

551 3708 690 3781 huc
727 3709 1053 3802 primum,
1101 3709 1435 3781 saeviente
1476 3710 1820 3803 aquilone,
1869 3710 2119 3806 hyeme
2159 3710 2386 3783 media
2434 3709 2704 3781 delatus

555 3850 740 3901 sum:
795 3855 934 3925 quo
987 3834 1375 3926 praesertim
1420 3845 1729 3927 tempore
1770 3832 1898 3904 iter
1945 3854 2346 3927 aequoreum
2401 3832 2705 3904 servitus

554 3973 804 4041 magna
827 3966 957 4025 est.
996 3955 1232 4048 ltaque
1270 3956 1361 4028 de
1402 3957 1664 4040 multiS,
1703 3976 1863 4049 quae
1896 3958 2251 4049 optabam,
2291 3955 2460 4026 nihil
2495 3952 2707 4025 comi-

552 4094 686 4143 nus
731 4086 1042 4166 spectare
1091 4078 1302 4150 licuit.
1357 4081 1702 4152 Caeterum
1754 4080 2170 4152 brevissimo
2222 4101 2452 4153 rerum
2493 4086 2704 4168 gustu

556 4204 716 4262 tunc
769 4194 1125 4269 incensum
1179 4201 1507 4287 animum,
1566 4214 1637 4274 et
1705 4202 1836 4273 iam
1898 4212 2055 4274 anto
2099 4203 2190 4272 ab
2240 4196 2706 4273 adolescentia
