<?xml version="1.0" encoding="UTF-8"?>
<!DOCTYPE html PUBLIC "-//W3C//DTD XHTML 1.0 Transitional//EN"
    "http://www.w3.org/TR/xhtml1/DTD/xhtml1-transitional.dtd">
<html xmlns="http://www.w3.org/1999/xhtml" xml:lang="en" lang="en">
 <head>
  <title>
</title>
<meta http-equiv="Content-Type" content="text/html;charset=utf-8" />
  <meta name='ocr-system' content='tesseract 3.04.00' />
  <meta name='ocr-capabilities' content='ocr_page ocr_carea ocr_par ocr_line ocrx_word'/>
</head>
<body>
  <div class='ocr_page' id='page_1' title='image "./epistolaederebu00unkngoog_0422.png"; bbox 0 0 3104 4805; ppageno 0'>
   <div class='ocr_carea' id='block_1_1' title="bbox 552 340 2038 402">
    <p class='ocr_par' dir='ltr' id='par_1_1' title="bbox 552 340 2038 402">
     <span class='ocr_line' id='line_1_1' title="bbox 552 340 2038 402; baseline -0.001 0"><span class='ocrx_word' id='word_1_1' title='bbox 552 340 671 402; x_wconf 76' lang='lat'><strong>254</strong></span> <span class='ocrx_word' id='word_1_2' title='bbox 1225 353 1307 401; x_wconf 71' lang='lat' dir='ltr'><strong>ns</strong></span> <span class='ocrx_word' id='word_1_3' title='bbox 1347 351 1549 401; x_wconf 66' lang='lat' dir='ltr'><strong>nunus</strong></span> <span class='ocrx_word' id='word_1_4' title='bbox 1593 351 2038 402; x_wconf 65' lang='lat' dir='ltr'><strong>numillimus</strong></span> 
     </span>
    </p>
   </div>
   <div class='ocr_carea' id='block_1_2' title="bbox 502 493 2740 4256">
    <p class='ocr_par' dir='ltr' id='par_1_2' title="bbox 502 493 2740 4256">
     <span class='ocr_line' id='line_1_2' title="bbox 553 493 2708 588; baseline 0 -20"><span class='ocrx_word' id='word_1_5' title='bbox 553 518 709 567; x_wconf 85' lang='lat' dir='ltr'><strong>sum</strong></span> <span class='ocrx_word' id='word_1_6' title='bbox 759 507 870 568; x_wconf 90' lang='lat' dir='ltr'><strong>est</strong></span> <span class='ocrx_word' id='word_1_7' title='bbox 916 493 1314 588; x_wconf 80' lang='lat' dir='ltr'><strong>expeditius</strong></span> <span class='ocrx_word' id='word_1_8' title='bbox 1363 514 1446 566; x_wconf 91' lang='lat' dir='ltr'><strong>ac</strong></span> <span class='ocrx_word' id='word_1_9' title='bbox 1494 493 1701 565; x_wconf 91' lang='lat' dir='ltr'><strong>citius</strong></span> <span class='ocrx_word' id='word_1_10' title='bbox 1752 493 1836 565; x_wconf 88' lang='lat' dir='ltr'><strong>iri</strong></span> <span class='ocrx_word' id='word_1_11' title='bbox 1885 496 2153 586; x_wconf 89' lang='lat' dir='ltr'><strong>pelago,</strong></span> <span class='ocrx_word' id='word_1_12' title='bbox 2198 515 2412 588; x_wconf 85' lang='lat' dir='ltr'><strong>quam</strong></span> <span class='ocrx_word' id='word_1_13' title='bbox 2467 499 2708 583; x_wconf 75' lang='lat' dir='ltr'><strong>terrie,</strong></span> 
     </span>
     <span class='ocr_line' id='line_1_3' title="bbox 549 614 2713 713; baseline 0.002 -26"><span class='ocrx_word' id='word_1_14' title='bbox 549 619 784 691; x_wconf 86' lang='lat' dir='ltr'><strong>navim</strong></span> <span class='ocrx_word' id='word_1_15' title='bbox 816 615 1356 690; x_wconf 75' lang='lat' dir='ltr'><strong>conscenderam</strong></span> <span class='ocrx_word' id='word_1_16' title='bbox 1396 614 1585 711; x_wconf 90' lang='lat' dir='ltr'><strong>apud</strong></span> <span class='ocrx_word' id='word_1_17' title='bbox 1629 617 1935 689; x_wconf 85' lang='lat' dir='ltr'><strong>Nicaeam</strong></span> <span class='ocrx_word' id='word_1_18' title='bbox 1997 617 2196 701; x_wconf 89' lang='lat' dir='ltr'><strong>Vari,</strong></span> <span class='ocrx_word' id='word_1_19' title='bbox 2249 638 2415 710; x_wconf 75' lang='lat' dir='ltr'><strong>quae</strong></span> <span class='ocrx_word' id='word_1_20' title='bbox 2488 619 2713 713; x_wconf 89' lang='lat' dir='ltr'><strong>prima</strong></span> 
     </span>
     <span class='ocr_line' id='line_1_4' title="bbox 502 738 2710 840; baseline 0.001 -28"><span class='ocrx_word' id='word_1_21' title='bbox 502 833 507 840; x_wconf 24' lang='grc' dir='ltr'>Ι</span> <span class='ocrx_word' id='word_1_22' title='bbox 548 742 939 813; x_wconf 88' lang='lat' dir='ltr'><strong>Italicarum</strong></span> <span class='ocrx_word' id='word_1_23' title='bbox 978 738 1256 811; x_wconf 88' lang='lat' dir='ltr'><strong>urbium</strong></span> <span class='ocrx_word' id='word_1_24' title='bbox 1297 738 1388 811; x_wconf 92' lang='lat' dir='ltr'><strong>ab</strong></span> <span class='ocrx_word' id='word_1_25' title='bbox 1426 760 1685 811; x_wconf 88' lang='lat' dir='ltr'><strong>occasu</strong></span> <span class='ocrx_word' id='word_1_26' title='bbox 1722 747 1860 825; x_wconf 89' lang='lat' dir='ltr'><strong>est,</strong></span> <span class='ocrx_word' id='word_1_27' title='bbox 1895 750 1969 811; x_wconf 92' lang='lat' dir='ltr'><strong>et</strong></span> <span class='ocrx_word' id='word_1_28' title='bbox 1999 740 2089 812; x_wconf 91' lang='lat' dir='ltr'><strong>ad</strong></span> <span class='ocrx_word' id='word_1_29' title='bbox 2113 740 2407 813; x_wconf 86' lang='lat' dir='ltr'><strong>Monoeci</strong></span> <span class='ocrx_word' id='word_1_30' title='bbox 2433 751 2710 834; x_wconf 91' lang='lat' dir='ltr'><strong>portum</strong></span> 
     </span>
     <span class='ocr_line' id='line_1_5' title="bbox 547 861 2712 959; baseline 0.001 -24"><span class='ocrx_word' id='word_1_31' title='bbox 547 864 726 935; x_wconf 89' lang='lat' dir='ltr'><strong>coelo</strong></span> <span class='ocrx_word' id='word_1_32' title='bbox 750 862 889 933; x_wconf 88' lang='lat' dir='ltr'><strong>iam</strong></span> <span class='ocrx_word' id='word_1_33' title='bbox 918 864 1235 934; x_wconf 79' lang='lat' dir='ltr'><strong>stellante</strong></span> <span class='ocrx_word' id='word_1_34' title='bbox 1267 883 1747 955; x_wconf 91' lang='lat' dir='ltr'><strong>perveneram.</strong></span> <span class='ocrx_word' id='word_1_35' title='bbox 1778 861 1992 934; x_wconf 86' lang='lat' dir='ltr'><strong>Irasci</strong></span> <span class='ocrx_word' id='word_1_36' title='bbox 2027 863 2276 935; x_wconf 88' lang='lat' dir='ltr'><strong>tacitus</strong></span> <span class='ocrx_word' id='word_1_37' title='bbox 2309 864 2521 959; x_wconf 87' lang='lat' dir='ltr'><strong>coepi:</strong></span> <span class='ocrx_word' id='word_1_38' title='bbox 2547 887 2712 937; x_wconf 91' lang='lat' dir='ltr'><strong>nam</strong></span> 
     </span>
     <span class='ocr_line' id='line_1_6' title="bbox 548 983 2713 1080; baseline 0.002 -24"><span class='ocrx_word' id='word_1_39' title='bbox 548 987 684 1057; x_wconf 93' lang='lat' dir='ltr'><strong>illic</strong></span> <span class='ocrx_word' id='word_1_40' title='bbox 723 984 838 1057; x_wconf 88' lang='lat' dir='ltr'><strong>die</strong></span> <span class='ocrx_word' id='word_1_41' title='bbox 870 995 1150 1080; x_wconf 90' lang='lat' dir='ltr'><strong>postero</strong></span> <span class='ocrx_word' id='word_1_42' title='bbox 1184 983 1383 1055; x_wconf 87' lang='lat' dir='ltr'><strong>inviti</strong></span> <span class='ocrx_word' id='word_1_43' title='bbox 1424 984 1829 1067; x_wconf 88' lang='lat' dir='ltr'><strong>mansimus,</strong></span> <span class='ocrx_word' id='word_1_44' title='bbox 1871 1004 2059 1077; x_wconf 85' lang='lat' dir='ltr'><strong>saepe</strong></span> <span class='ocrx_word' id='word_1_45' title='bbox 2095 985 2565 1079; x_wconf 83' lang='lat' dir='ltr'><strong>nequidquam</strong></span> <span class='ocrx_word' id='word_1_46' title='bbox 2599 1011 2713 1060; x_wconf 87' lang='lat' dir='ltr'><strong>re-</strong></span> 
     </span>
     <span class='ocr_line' id='line_1_7' title="bbox 549 1105 2711 1201; baseline 0.001 -21"><span class='ocrx_word' id='word_1_47' title='bbox 549 1115 812 1180; x_wconf 90' lang='lat' dir='ltr'><strong>tentato</strong></span> <span class='ocrx_word' id='word_1_48' title='bbox 842 1107 1057 1180; x_wconf 89' lang='lat' dir='ltr'><strong>abitu.</strong></span> <span class='ocrx_word' id='word_1_49' title='bbox 1090 1106 1433 1179; x_wconf 84' lang='lat' dir='ltr'><strong>Postridie</strong></span> <span class='ocrx_word' id='word_1_50' title='bbox 1465 1105 1746 1201; x_wconf 87' lang='lat' dir='ltr'><strong>ancipiti</strong></span> <span class='ocrx_word' id='word_1_51' title='bbox 1783 1116 2195 1199; x_wconf 78' lang='lat' dir='ltr'><strong>tempestate</strong></span> <span class='ocrx_word' id='word_1_52' title='bbox 2225 1109 2458 1181; x_wconf 85' lang='lat' dir='ltr'><strong>funem</strong></span> <span class='ocrx_word' id='word_1_53' title='bbox 2497 1112 2711 1182; x_wconf 88' lang='lat' dir='ltr'><strong>solvi-</strong></span> 
     </span>
     <span class='ocr_line' id='line_1_8' title="bbox 546 1229 2707 1326; baseline 0.001 -23"><span class='ocrx_word' id='word_1_54' title='bbox 546 1252 727 1317; x_wconf 77' lang='lat' dir='ltr'><strong>muS,</strong></span> <span class='ocrx_word' id='word_1_55' title='bbox 761 1241 833 1303; x_wconf 93' lang='lat' dir='ltr'><strong>et</strong></span> <span class='ocrx_word' id='word_1_56' title='bbox 863 1230 977 1303; x_wconf 91' lang='lat' dir='ltr'><strong>die</strong></span> <span class='ocrx_word' id='word_1_57' title='bbox 1013 1240 1156 1303; x_wconf 87' lang='lat' dir='ltr'><strong>toto</strong></span> <span class='ocrx_word' id='word_1_58' title='bbox 1188 1229 1422 1303; x_wconf 83' lang='lat' dir='ltr'><strong>iactati</strong></span> <span class='ocrx_word' id='word_1_59' title='bbox 1446 1229 1793 1317; x_wconf 81' lang='lat' dir='ltr'><strong>fluctibus,</strong></span> <span class='ocrx_word' id='word_1_60' title='bbox 1823 1231 1912 1304; x_wconf 90' lang='lat' dir='ltr'><strong>ad</strong></span> <span class='ocrx_word' id='word_1_61' title='bbox 1937 1230 2240 1305; x_wconf 89' lang='lat' dir='ltr'><strong>Mauritii</strong></span> <span class='ocrx_word' id='word_1_62' title='bbox 2272 1242 2544 1326; x_wconf 89' lang='lat' dir='ltr'><strong>portum</strong></span> <span class='ocrx_word' id='word_1_63' title='bbox 2577 1235 2707 1305; x_wconf 77' lang='lat' dir='ltr'><strong>vix</strong></span> 
     </span>
     <span class='ocr_line' id='line_1_9' title="bbox 546 1352 2705 1450; baseline -0 -24"><span class='ocrx_word' id='word_1_64' title='bbox 546 1355 964 1450; x_wconf 90' lang='lat' dir='ltr'><strong>intempesta</strong></span> <span class='ocrx_word' id='word_1_65' title='bbox 1011 1363 1212 1425; x_wconf 87' lang='lat' dir='ltr'><strong>nocte</strong></span> <span class='ocrx_word' id='word_1_66' title='bbox 1260 1352 1733 1446; x_wconf 87' lang='lat' dir='ltr'><strong>perveni-mus.</strong></span> <span class='ocrx_word' id='word_1_67' title='bbox 1787 1355 2027 1447; x_wconf 89' lang='lat' dir='ltr'><strong>Itaque</strong></span> <span class='ocrx_word' id='word_1_68' title='bbox 2074 1363 2384 1427; x_wconf 87' lang='lat' dir='ltr'><strong>castrum</strong></span> <span class='ocrx_word' id='word_1_69' title='bbox 2434 1355 2705 1447; x_wconf 82' lang='lat' dir='ltr'><strong>ingredi</strong></span> 
     </span>
     <span class='ocr_line' id='line_1_10' title="bbox 546 1451 2740 1571; baseline 0.001 -22"><span class='ocrx_word' id='word_1_70' title='bbox 546 1500 686 1549; x_wconf 90' lang='lat' dir='ltr'><strong>non</strong></span> <span class='ocrx_word' id='word_1_71' title='bbox 724 1478 892 1548; x_wconf 88' lang='lat' dir='ltr'><strong>fuit:</strong></span> <span class='ocrx_word' id='word_1_72' title='bbox 934 1477 1256 1548; x_wconf 90' lang='lat' dir='ltr'><strong>litoreum</strong></span> <span class='ocrx_word' id='word_1_73' title='bbox 1293 1475 1692 1571; x_wconf 88' lang='lat' dir='ltr'><strong>hospitium,</strong></span> <span class='ocrx_word' id='word_1_74' title='bbox 1730 1477 2083 1549; x_wconf 86' lang='lat' dir='ltr'><strong>nauticum</strong></span> <span class='ocrx_word' id='word_1_75' title='bbox 2127 1478 2357 1551; x_wconf 88' lang='lat' dir='ltr'><strong>cubile</strong></span> <span class='ocrx_word' id='word_1_76' title='bbox 2398 1451 2740 1564; x_wconf 25' lang='lat' dir='ltr'><strong>sortitus(</strong></span> 
     </span>
     <span class='ocr_line' id='line_1_11' title="bbox 545 1600 2710 1685; baseline 0 -11"><span class='ocrx_word' id='word_1_77' title='bbox 545 1621 814 1674; x_wconf 87' lang='lat' dir='ltr'><strong>coenam</strong></span> <span class='ocrx_word' id='word_1_78' title='bbox 854 1610 934 1672; x_wconf 88' lang='lat' dir='ltr'><strong>ut</strong></span> <span class='ocrx_word' id='word_1_79' title='bbox 969 1601 1191 1672; x_wconf 85' lang='lat' dir='ltr'><strong>fames</strong></span> <span class='ocrx_word' id='word_1_80' title='bbox 1224 1600 1554 1685; x_wconf 89' lang='lat' dir='ltr'><strong>condiret,</strong></span> <span class='ocrx_word' id='word_1_81' title='bbox 1594 1621 1914 1673; x_wconf 89' lang='lat' dir='ltr'><strong>somnum</strong></span> <span class='ocrx_word' id='word_1_82' title='bbox 1953 1610 2028 1672; x_wconf 92' lang='lat' dir='ltr'><strong>ut</strong></span> <span class='ocrx_word' id='word_1_83' title='bbox 2058 1602 2456 1674; x_wconf 87' lang='lat' dir='ltr'><strong>lassitudini</strong></span> <span class='ocrx_word' id='word_1_84' title='bbox 2494 1602 2710 1675; x_wconf 90' lang='lat' dir='ltr'><strong>debe-</strong></span> 
     </span>
     <span class='ocr_line' id='line_1_12' title="bbox 547 1722 2707 1815; baseline -0.001 -19"><span class='ocrx_word' id='word_1_85' title='bbox 547 1745 741 1808; x_wconf 89' lang='lat' dir='ltr'><strong>rem;</strong></span> <span class='ocrx_word' id='word_1_86' title='bbox 806 1722 903 1795; x_wconf 91' lang='lat' dir='ltr'><strong>ibi</strong></span> <span class='ocrx_word' id='word_1_87' title='bbox 966 1723 1313 1815; x_wconf 88' lang='lat' dir='ltr'><strong>indignari</strong></span> <span class='ocrx_word' id='word_1_88' title='bbox 1364 1723 1572 1795; x_wconf 89' lang='lat' dir='ltr'><strong>altius</strong></span> <span class='ocrx_word' id='word_1_89' title='bbox 1638 1731 1711 1795; x_wconf 93' lang='lat' dir='ltr'><strong>et</strong></span> <span class='ocrx_word' id='word_1_90' title='bbox 1772 1723 1974 1797; x_wconf 90' lang='lat' dir='ltr'><strong>ludos</strong></span> <span class='ocrx_word' id='word_1_91' title='bbox 2033 1724 2247 1797; x_wconf 89' lang='lat' dir='ltr'><strong>maris</strong></span> <span class='ocrx_word' id='word_1_92' title='bbox 2300 1745 2707 1815; x_wconf 87' lang='lat' dir='ltr'><strong>agnoscere.</strong></span> 
     </span>
     <span class='ocr_line' id='line_1_13' title="bbox 546 1846 2713 1941; baseline 0 -21"><span class='ocrx_word' id='word_1_93' title='bbox 546 1847 731 1931; x_wconf 89' lang='lat' dir='ltr'><strong>Quid</strong></span> <span class='ocrx_word' id='word_1_94' title='bbox 769 1851 1027 1920; x_wconf 73' lang='lat' dir='ltr'><strong>multa?</strong></span> <span class='ocrx_word' id='word_1_95' title='bbox 1057 1846 1288 1919; x_wconf 90' lang='lat' dir='ltr'><strong>Variis</strong></span> <span class='ocrx_word' id='word_1_96' title='bbox 1322 1870 1448 1941; x_wconf 91' lang='lat' dir='ltr'><strong>per</strong></span> <span class='ocrx_word' id='word_1_97' title='bbox 1480 1859 1754 1920; x_wconf 90' lang='lat' dir='ltr'><strong>noctem</strong></span> <span class='ocrx_word' id='word_1_98' title='bbox 1788 1848 2093 1922; x_wconf 89' lang='lat' dir='ltr'><strong>consiliis</strong></span> <span class='ocrx_word' id='word_1_99' title='bbox 2129 1848 2428 1940; x_wconf 78' lang='lat' dir='ltr'><strong>agitatiS,</strong></span> <span class='ocrx_word' id='word_1_100' title='bbox 2459 1848 2553 1921; x_wconf 86' lang='lat' dir='ltr'><strong>ad</strong></span> <span class='ocrx_word' id='word_1_101' title='bbox 2584 1871 2713 1921; x_wconf 89' lang='lat' dir='ltr'><strong>au-</strong></span> 
     </span>
     <span class='ocr_line' id='line_1_14' title="bbox 546 1969 2712 2065; baseline 0.002 -26"><span class='ocrx_word' id='word_1_102' title='bbox 546 1991 777 2042; x_wconf 87' lang='lat' dir='ltr'><strong>roram</strong></span> <span class='ocrx_word' id='word_1_103' title='bbox 806 1969 1019 2042; x_wconf 91' lang='lat' dir='ltr'><strong>statui</strong></span> <span class='ocrx_word' id='word_1_104' title='bbox 1043 1974 1372 2065; x_wconf 82' lang='lat' dir='ltr'><strong>praeferre</strong></span> <span class='ocrx_word' id='word_1_105' title='bbox 1398 1980 1798 2043; x_wconf 86' lang='lat' dir='ltr'><strong>terrestrem</strong></span> <span class='ocrx_word' id='word_1_106' title='bbox 1826 1970 2152 2043; x_wconf 87' lang='lat' dir='ltr'><strong>duritiem</strong></span> <span class='ocrx_word' id='word_1_107' title='bbox 2180 1992 2533 2063; x_wconf 84' lang='lat' dir='ltr'><strong>aequoreae</strong></span> <span class='ocrx_word' id='word_1_108' title='bbox 2561 1993 2712 2043; x_wconf 90' lang='lat' dir='ltr'><strong>ser-</strong></span> 
     </span>
     <span class='ocr_line' id='line_1_15' title="bbox 548 2091 2709 2190; baseline 0 -26"><span class='ocrx_word' id='word_1_109' title='bbox 548 2091 775 2164; x_wconf 88' lang='lat' dir='ltr'><strong>vituti.</strong></span> <span class='ocrx_word' id='word_1_110' title='bbox 812 2094 1071 2187; x_wconf 90' lang='lat' dir='ltr'><strong>Itaque,</strong></span> <span class='ocrx_word' id='word_1_111' title='bbox 1100 2092 1357 2165; x_wconf 85' lang='lat' dir='ltr'><strong>familia</strong></span> <span class='ocrx_word' id='word_1_112' title='bbox 1381 2103 1455 2165; x_wconf 91' lang='lat' dir='ltr'><strong>et</strong></span> <span class='ocrx_word' id='word_1_113' title='bbox 1478 2092 1992 2190; x_wconf 86' lang='lat' dir='ltr'><strong>impedimentis</strong></span> <span class='ocrx_word' id='word_1_114' title='bbox 2018 2093 2342 2166; x_wconf 90' lang='lat' dir='ltr'><strong>omnibus</strong></span> <span class='ocrx_word' id='word_1_115' title='bbox 2378 2094 2451 2164; x_wconf 92' lang='lat' dir='ltr'><strong>in</strong></span> <span class='ocrx_word' id='word_1_116' title='bbox 2475 2093 2709 2165; x_wconf 89' lang='lat' dir='ltr'><strong>navim</strong></span> 
     </span>
     <span class='ocr_line' id='line_1_16' title="bbox 549 2189 2705 2309; baseline -0 -23"><span class='ocrx_word' id='word_1_117' title='bbox 549 2189 997 2309; x_wconf 82' lang='lat' dir='ltr'><strong>reimpositis,</strong></span> <span class='ocrx_word' id='word_1_118' title='bbox 1042 2213 1194 2306; x_wconf 91' lang='lat' dir='ltr'><strong>ipse</strong></span> <span class='ocrx_word' id='word_1_119' title='bbox 1244 2235 1386 2286; x_wconf 92' lang='lat' dir='ltr'><strong>nno</strong></span> <span class='ocrx_word' id='word_1_120' title='bbox 1428 2217 1577 2287; x_wconf 91' lang='lat' dir='ltr'><strong>solo</strong></span> <span class='ocrx_word' id='word_1_121' title='bbox 1627 2216 1999 2288; x_wconf 85' lang='lat' dir='ltr'><strong>comitatus</strong></span> <span class='ocrx_word' id='word_1_122' title='bbox 2051 2215 2121 2286; x_wconf 92' lang='lat' dir='ltr'><strong>in</strong></span> <span class='ocrx_word' id='word_1_123' title='bbox 2161 2216 2361 2287; x_wconf 89' lang='lat' dir='ltr'><strong>litore</strong></span> <span class='ocrx_word' id='word_1_124' title='bbox 2400 2213 2705 2299; x_wconf 86' lang='lat' dir='ltr'><strong>substiti,</strong></span> 
     </span>
     <span class='ocr_line' id='line_1_17' title="bbox 547 2328 2711 2433; baseline 0.002 -26"><span class='ocrx_word' id='word_1_125' title='bbox 547 2347 620 2408; x_wconf 93' lang='lat' dir='ltr'><strong>et</strong></span> <span class='ocrx_word' id='word_1_126' title='bbox 649 2336 822 2409; x_wconf 83' lang='lat' dir='ltr'><strong>favit</strong></span> <span class='ocrx_word' id='word_1_127' title='bbox 851 2339 1126 2408; x_wconf 86' lang='lat' dir='ltr'><strong>fortuna</strong></span> <span class='ocrx_word' id='word_1_128' title='bbox 1159 2328 1471 2408; x_wconf 91' lang='lat' dir='ltr'><strong>consilio.</strong></span> <span class='ocrx_word' id='word_1_129' title='bbox 1510 2338 1698 2411; x_wconf 89' lang='lat' dir='ltr'><strong>Inter</strong></span> <span class='ocrx_word' id='word_1_130' title='bbox 1735 2338 2130 2430; x_wconf 88' lang='lat' dir='ltr'><strong>Ligusticos</strong></span> <span class='ocrx_word' id='word_1_131' title='bbox 2166 2338 2508 2433; x_wconf 56' lang='lat' dir='ltr'><strong>scopulos</strong></span> <span class='ocrx_word' id='word_1_132' title='bbox 2535 2358 2711 2411; x_wconf 89' lang='lat' dir='ltr'><strong>casu</strong></span> 
     </span>
     <span class='ocr_line' id='line_1_18' title="bbox 547 2457 2710 2555; baseline 0.001 -26"><span class='ocrx_word' id='word_1_133' title='bbox 547 2457 784 2530; x_wconf 91' lang='lat' dir='ltr'><strong>nescio</strong></span> <span class='ocrx_word' id='word_1_134' title='bbox 821 2478 961 2550; x_wconf 89' lang='lat' dir='ltr'><strong>quo</strong></span> <span class='ocrx_word' id='word_1_135' title='bbox 1015 2457 1302 2529; x_wconf 86' lang='lat' dir='ltr'><strong>Teutoni</strong></span> <span class='ocrx_word' id='word_1_136' title='bbox 1336 2458 1497 2550; x_wconf 92' lang='lat' dir='ltr'><strong>equi</strong></span> <span class='ocrx_word' id='word_1_137' title='bbox 1523 2462 1813 2532; x_wconf 82' lang='lat' dir='ltr'><strong>venales</strong></span> <span class='ocrx_word' id='word_1_138' title='bbox 1841 2461 2146 2545; x_wconf 86' lang='lat' dir='ltr'><strong>aderant,</strong></span> <span class='ocrx_word' id='word_1_139' title='bbox 2189 2459 2463 2555; x_wconf 84' lang='lat' dir='ltr'><strong>impigri</strong></span> <span class='ocrx_word' id='word_1_140' title='bbox 2498 2469 2710 2553; x_wconf 88' lang='lat' dir='ltr'><strong>atque</strong></span> 
     </span>
     <span class='ocr_line' id='line_1_19' title="bbox 547 2570 2707 2677; baseline 0.003 -28"><span class='ocrx_word' id='word_1_141' title='bbox 547 2578 939 2671; x_wconf 87' lang='lat' dir='ltr'><strong>praevalidi,</strong></span> <span class='ocrx_word' id='word_1_142' title='bbox 1008 2570 1263 2670; x_wconf 89' lang='lat' dir='ltr'><strong>quibus</strong></span> <span class='ocrx_word' id='word_1_143' title='bbox 1321 2601 1457 2670; x_wconf 90' lang='lat' dir='ltr'><strong>ego</strong></span> <span class='ocrx_word' id='word_1_144' title='bbox 1507 2581 1756 2674; x_wconf 90' lang='lat' dir='ltr'><strong>raptim</strong></span> <span class='ocrx_word' id='word_1_145' title='bbox 1807 2585 2226 2675; x_wconf 86' lang='lat' dir='ltr'><strong>comparatis</strong></span> <span class='ocrx_word' id='word_1_146' title='bbox 2275 2582 2707 2677; x_wconf 88' lang='lat' dir='ltr'><strong>propositum</strong></span> 
     </span>
     <span class='ocr_line' id='line_1_20' title="bbox 547 2699 2709 2793; baseline 0.003 -24"><span class='ocrx_word' id='word_1_147' title='bbox 547 2699 678 2770; x_wconf 89' lang='lat' dir='ltr'><strong>iter</strong></span> <span class='ocrx_word' id='word_1_148' title='bbox 725 2700 860 2792; x_wconf 90' lang='lat' dir='ltr'><strong>egi.</strong></span> <span class='ocrx_word' id='word_1_149' title='bbox 911 2701 1154 2793; x_wconf 86' lang='lat' dir='ltr'><strong>Neque</strong></span> <span class='ocrx_word' id='word_1_150' title='bbox 1201 2710 1349 2772; x_wconf 89' lang='lat' dir='ltr'><strong>tum</strong></span> <span class='ocrx_word' id='word_1_151' title='bbox 1389 2722 1685 2792; x_wconf 88' lang='lat' dir='ltr'><strong>prorsus</strong></span> <span class='ocrx_word' id='word_1_152' title='bbox 1735 2703 2204 2792; x_wconf 86' lang='lat' dir='ltr'><strong>navigationis</strong></span> <span class='ocrx_word' id='word_1_153' title='bbox 2252 2704 2530 2775; x_wconf 87' lang='lat' dir='ltr'><strong>fastidio</strong></span> <span class='ocrx_word' id='word_1_154' title='bbox 2580 2706 2709 2775; x_wconf 91' lang='lat' dir='ltr'><strong>im-</strong></span> 
     </span>
     <span class='ocr_line' id='line_1_21' title="bbox 545 2820 2710 2916; baseline 0.003 -27"><span class='ocrx_word' id='word_1_155' title='bbox 545 2820 801 2890; x_wconf 90' lang='lat' dir='ltr'><strong>munis.</strong></span> <span class='ocrx_word' id='word_1_156' title='bbox 846 2822 973 2893; x_wconf 91' lang='lat' dir='ltr'><strong>Est</strong></span> <span class='ocrx_word' id='word_1_157' title='bbox 1013 2821 1194 2894; x_wconf 89' lang='lat' dir='ltr'><strong>inter</strong></span> <span class='ocrx_word' id='word_1_158' title='bbox 1233 2821 1526 2894; x_wconf 89' lang='lat' dir='ltr'><strong>Pisanos</strong></span> <span class='ocrx_word' id='word_1_159' title='bbox 1572 2821 1660 2894; x_wconf 90' lang='lat' dir='ltr'><strong>ad</strong></span> <span class='ocrx_word' id='word_1_160' title='bbox 1701 2843 2021 2916; x_wconf 82' lang='lat' dir='ltr'><strong>praesens</strong></span> <span class='ocrx_word' id='word_1_161' title='bbox 2063 2832 2135 2891; x_wconf 91' lang='lat' dir='ltr'><strong>et</strong></span> <span class='ocrx_word' id='word_1_162' title='bbox 2173 2823 2539 2894; x_wconf 89' lang='lat' dir='ltr'><strong>Mediolani</strong></span> <span class='ocrx_word' id='word_1_163' title='bbox 2581 2825 2710 2895; x_wconf 89' lang='lat' dir='ltr'><strong>do-</strong></span> 
     </span>
     <span class='ocr_line' id='line_1_22' title="bbox 546 2941 2703 3038; baseline 0 -26"><span class='ocrx_word' id='word_1_164' title='bbox 546 2941 809 3013; x_wconf 91' lang='lat' dir='ltr'><strong>minum</strong></span> <span class='ocrx_word' id='word_1_165' title='bbox 850 2944 1105 3016; x_wconf 91' lang='lat' dir='ltr'><strong>bellum</strong></span> <span class='ocrx_word' id='word_1_166' title='bbox 1153 2945 1425 3038; x_wconf 79' lang='lat' dir='ltr'><strong>ingenS,</strong></span> <span class='ocrx_word' id='word_1_167' title='bbox 1479 2944 1706 3037; x_wconf 86' lang='lat' dir='ltr'><strong>magis</strong></span> <span class='ocrx_word' id='word_1_168' title='bbox 1753 2942 1856 3037; x_wconf 90' lang='lat' dir='ltr'><strong>(ut</strong></span> <span class='ocrx_word' id='word_1_169' title='bbox 1895 2942 2119 3037; x_wconf 84' lang='lat' dir='ltr'><strong>vides)</strong></span> <span class='ocrx_word' id='word_1_170' title='bbox 2175 2943 2265 3015; x_wconf 90' lang='lat' dir='ltr'><strong>de</strong></span> <span class='ocrx_word' id='word_1_171' title='bbox 2315 2942 2703 3014; x_wconf 88' lang='lat' dir='ltr'><strong>animorum</strong></span> 
     </span>
     <span class='ocr_line' id='line_1_23' title="bbox 545 3062 2704 3162; baseline 0 -27"><span class='ocrx_word' id='word_1_172' title='bbox 545 3063 878 3152; x_wconf 81' lang='lat' dir='ltr'><strong>fascibuS‚</strong></span> <span class='ocrx_word' id='word_1_173' title='bbox 937 3065 1077 3162; x_wconf 79' lang='lat' dir='ltr'><strong>(sic)</strong></span> <span class='ocrx_word' id='word_1_174' title='bbox 1119 3090 1329 3162; x_wconf 90' lang='lat' dir='ltr'><strong>quam</strong></span> <span class='ocrx_word' id='word_1_175' title='bbox 1370 3070 1462 3140; x_wconf 90' lang='lat' dir='ltr'><strong>de</strong></span> <span class='ocrx_word' id='word_1_176' title='bbox 1511 3077 1851 3139; x_wconf 88' lang='lat' dir='ltr'><strong>terrarum</strong></span> <span class='ocrx_word' id='word_1_177' title='bbox 1906 3063 2165 3136; x_wconf 87' lang='lat' dir='ltr'><strong>finibus</strong></span> <span class='ocrx_word' id='word_1_178' title='bbox 2219 3088 2297 3137; x_wconf 87' lang='lat' dir='ltr'><strong>se</strong></span> <span class='ocrx_word' id='word_1_179' title='bbox 2345 3062 2704 3159; x_wconf 82' lang='lat' dir='ltr'><strong>praebente</strong></span> 
     </span>
     <span class='ocr_line' id='line_1_24' title="bbox 546 3186 2710 3283; baseline -0 -24"><span class='ocrx_word' id='word_1_180' title='bbox 546 3189 858 3261; x_wconf 89' lang='lat' dir='ltr'><strong>materia.</strong></span> <span class='ocrx_word' id='word_1_181' title='bbox 900 3192 1072 3262; x_wconf 88' lang='lat' dir='ltr'><strong>Late</strong></span> <span class='ocrx_word' id='word_1_182' title='bbox 1120 3190 1305 3262; x_wconf 92' lang='lat' dir='ltr'><strong>enim</strong></span> <span class='ocrx_word' id='word_1_183' title='bbox 1356 3189 1652 3263; x_wconf 88' lang='lat' dir='ltr'><strong>confinia</strong></span> <span class='ocrx_word' id='word_1_184' title='bbox 1703 3187 2137 3261; x_wconf 87' lang='lat' dir='ltr'><strong>discreverat</strong></span> <span class='ocrx_word' id='word_1_185' title='bbox 2174 3186 2601 3283; x_wconf 82' lang='lat' dir='ltr'><strong>ApenninuS,</strong></span> <span class='ocrx_word' id='word_1_186' title='bbox 2630 3198 2710 3260; x_wconf 90' lang='lat' dir='ltr'><strong>ut</strong></span> 
     </span>
     <span class='ocr_line' id='line_1_25' title="bbox 549 3310 2708 3407; baseline -0.002 -23"><span class='ocrx_word' id='word_1_187' title='bbox 549 3320 1030 3385; x_wconf 89' lang='lat' dir='ltr'><strong>contemnatur</strong></span> <span class='ocrx_word' id='word_1_188' title='bbox 1062 3314 1391 3407; x_wconf 87' lang='lat' dir='ltr'><strong>antiquus</strong></span> <span class='ocrx_word' id='word_1_189' title='bbox 1423 3311 1590 3384; x_wconf 85' lang='lat' dir='ltr'><strong>Padi</strong></span> <span class='ocrx_word' id='word_1_190' title='bbox 1625 3312 1856 3395; x_wconf 90' lang='lat' dir='ltr'><strong>limes;</strong></span> <span class='ocrx_word' id='word_1_191' title='bbox 1893 3310 2024 3383; x_wconf 90' lang='lat' dir='ltr'><strong>sed</strong></span> <span class='ocrx_word' id='word_1_192' title='bbox 2057 3310 2387 3404; x_wconf 89' lang='lat' dir='ltr'><strong>superbia</strong></span> <span class='ocrx_word' id='word_1_193' title='bbox 2433 3311 2708 3380; x_wconf 87' lang='lat' dir='ltr'><strong>frenum</strong></span> 
     </span>
     <span class='ocr_line' id='line_1_26' title="bbox 546 3432 2710 3527; baseline 0 -24"><span class='ocrx_word' id='word_1_194' title='bbox 546 3433 800 3521; x_wconf 88' lang='lat' dir='ltr'><strong>nescit,</strong></span> <span class='ocrx_word' id='word_1_195' title='bbox 854 3443 927 3507; x_wconf 91' lang='lat' dir='ltr'><strong>et</strong></span> <span class='ocrx_word' id='word_1_196' title='bbox 963 3435 1174 3508; x_wconf 89' lang='lat' dir='ltr'><strong>nullis</strong></span> <span class='ocrx_word' id='word_1_197' title='bbox 1215 3435 1528 3507; x_wconf 88' lang='lat' dir='ltr'><strong>terminis</strong></span> <span class='ocrx_word' id='word_1_198' title='bbox 1580 3445 1692 3506; x_wconf 91' lang='lat' dir='ltr'><strong>est</strong></span> <span class='ocrx_word' id='word_1_199' title='bbox 1738 3441 2062 3506; x_wconf 87' lang='lat' dir='ltr'><strong>contenta</strong></span> <span class='ocrx_word' id='word_1_200' title='bbox 2109 3432 2475 3527; x_wconf 89' lang='lat' dir='ltr'><strong>cupiditas.</strong></span> <span class='ocrx_word' id='word_1_201' title='bbox 2527 3434 2710 3503; x_wconf 92' lang='lat' dir='ltr'><strong>Dum</strong></span> 
     </span>
     <span class='ocr_line' id='line_1_27' title="bbox 548 3555 2709 3651; baseline -0.001 -22"><span class='ocrx_word' id='word_1_202' title='bbox 548 3567 738 3631; x_wconf 89' lang='lat' dir='ltr'><strong>recto</strong></span> <span class='ocrx_word' id='word_1_203' title='bbox 794 3557 1066 3631; x_wconf 88' lang='lat' dir='ltr'><strong>tramite</strong></span> <span class='ocrx_word' id='word_1_204' title='bbox 1118 3556 1463 3651; x_wconf 88' lang='lat' dir='ltr'><strong>proficisci</strong></span> <span class='ocrx_word' id='word_1_205' title='bbox 1504 3558 1787 3643; x_wconf 89' lang='lat' dir='ltr'><strong>vellem,</strong></span> <span class='ocrx_word' id='word_1_206' title='bbox 1843 3555 2030 3628; x_wconf 90' lang='lat' dir='ltr'><strong>haud</strong></span> <span class='ocrx_word' id='word_1_207' title='bbox 2082 3557 2322 3648; x_wconf 90' lang='lat' dir='ltr'><strong>procul</strong></span> <span class='ocrx_word' id='word_1_208' title='bbox 2373 3555 2709 3627; x_wconf 84' lang='lat' dir='ltr'><strong>Laventia</strong></span> 
     </span>
     <span class='ocr_line' id='line_1_28' title="bbox 546 3680 2706 3776; baseline -0.002 -23"><span class='ocrx_word' id='word_1_209' title='bbox 546 3682 904 3754; x_wconf 87' lang='lat' dir='ltr'><strong>exercitus</strong></span> <span class='ocrx_word' id='word_1_210' title='bbox 947 3681 1153 3754; x_wconf 91' lang='lat' dir='ltr'><strong>ambo</strong></span> <span class='ocrx_word' id='word_1_211' title='bbox 1194 3680 1668 3754; x_wconf 88' lang='lat' dir='ltr'><strong>constiterant.</strong></span> <span class='ocrx_word' id='word_1_212' title='bbox 1708 3682 2032 3776; x_wconf 79' lang='lat' dir='ltr'><strong>Tyranno</strong></span> <span class='ocrx_word' id='word_1_213' title='bbox 2059 3680 2368 3772; x_wconf 84' lang='lat' dir='ltr'><strong>graviter</strong></span> <span class='ocrx_word' id='word_1_214' title='bbox 2395 3688 2706 3769; x_wconf 88' lang='lat' dir='ltr'><strong>urgente,</strong></span> 
     </span>
     <span class='ocr_line' id='line_1_29' title="bbox 548 3798 2704 3883; baseline -0.002 -9"><span class='ocrx_word' id='word_1_215' title='bbox 548 3812 789 3874; x_wconf 91' lang='lat' dir='ltr'><strong>contra</strong></span> <span class='ocrx_word' id='word_1_216' title='bbox 835 3802 1106 3874; x_wconf 87' lang='lat' dir='ltr'><strong>Pisanis</strong></span> <span class='ocrx_word' id='word_1_217' title='bbox 1158 3805 1555 3876; x_wconf 89' lang='lat' dir='ltr'><strong>Mutronem</strong></span> <span class='ocrx_word' id='word_1_218' title='bbox 1607 3824 1814 3874; x_wconf 85' lang='lat' dir='ltr'><strong>suum</strong></span> <span class='ocrx_word' id='word_1_219' title='bbox 1868 3822 2142 3873; x_wconf 88' lang='lat' dir='ltr'><strong>summa</strong></span> <span class='ocrx_word' id='word_1_220' title='bbox 2197 3800 2271 3871; x_wconf 87' lang='lat' dir='ltr'><strong>vi</strong></span> <span class='ocrx_word' id='word_1_221' title='bbox 2323 3798 2704 3883; x_wconf 84' lang='lat' dir='ltr'><strong>tuentibuS‚</strong></span> 
     </span>
     <span class='ocr_line' id='line_1_30' title="bbox 548 3921 2711 4019; baseline -0.002 -27"><span class='ocrx_word' id='word_1_222' title='bbox 548 3933 830 3994; x_wconf 85' lang='lat' dir='ltr'><strong>coactus</strong></span> <span class='ocrx_word' id='word_1_223' title='bbox 872 3946 1029 3997; x_wconf 87' lang='lat' dir='ltr'><strong>sum</strong></span> <span class='ocrx_word' id='word_1_224' title='bbox 1073 3925 1259 4019; x_wconf 85' lang='lat' dir='ltr'><strong>apud</strong></span> <span class='ocrx_word' id='word_1_225' title='bbox 1291 3925 1569 3997; x_wconf 90' lang='lat' dir='ltr'><strong>Ericem</strong></span> <span class='ocrx_word' id='word_1_226' title='bbox 1611 3924 1787 3996; x_wconf 85' lang='lat' dir='ltr'><strong>mari</strong></span> <span class='ocrx_word' id='word_1_227' title='bbox 1821 3923 2069 3997; x_wconf 86' lang='lat' dir='ltr'><strong>iterum</strong></span> <span class='ocrx_word' id='word_1_228' title='bbox 2117 3945 2230 3995; x_wconf 92' lang='lat' dir='ltr'><strong>me</strong></span> <span class='ocrx_word' id='word_1_229' title='bbox 2281 3921 2593 4005; x_wconf 87' lang='lat' dir='ltr'><strong>credere,</strong></span> <span class='ocrx_word' id='word_1_230' title='bbox 2641 3928 2711 3990; x_wconf 90' lang='lat' dir='ltr'><strong>et</strong></span> 
     </span>
     <span class='ocr_line' id='line_1_31' title="bbox 549 4041 2711 4141; baseline 0 -29"><span class='ocrx_word' id='word_1_231' title='bbox 549 4041 872 4129; x_wconf 85' lang='lat' dir='ltr'><strong>Corvum,</strong></span> <span class='ocrx_word' id='word_1_232' title='bbox 918 4051 1281 4139; x_wconf 88' lang='lat' dir='ltr'><strong>scopulum</strong></span> <span class='ocrx_word' id='word_1_233' title='bbox 1340 4048 1696 4141; x_wconf 91' lang='lat' dir='ltr'><strong>ingentem</strong></span> <span class='ocrx_word' id='word_1_234' title='bbox 1746 4068 1789 4117; x_wconf 91' lang='lat' dir='ltr'><strong>a</strong></span> <span class='ocrx_word' id='word_1_235' title='bbox 1839 4048 2067 4120; x_wconf 91' lang='lat' dir='ltr'><strong>colore</strong></span> <span class='ocrx_word' id='word_1_236' title='bbox 2119 4046 2574 4127; x_wconf 89' lang='lat' dir='ltr'><strong>nominatum,</strong></span> <span class='ocrx_word' id='word_1_237' title='bbox 2628 4064 2711 4113; x_wconf 87' lang='lat' dir='ltr'><strong>ac</strong></span> 
     </span>
     <span class='ocr_line' id='line_1_32' title="bbox 547 4163 2709 4256; baseline 0.002 -24"><span class='ocrx_word' id='word_1_238' title='bbox 547 4163 817 4256; x_wconf 88' lang='lat' dir='ltr'><strong>Rupem</strong></span> <span class='ocrx_word' id='word_1_239' title='bbox 862 4167 1253 4254; x_wconf 87' lang='lat' dir='ltr'><strong>candidam,</strong></span> <span class='ocrx_word' id='word_1_240' title='bbox 1306 4179 1380 4241; x_wconf 91' lang='lat' dir='ltr'><strong>et</strong></span> <span class='ocrx_word' id='word_1_241' title='bbox 1418 4172 1672 4244; x_wconf 84' lang='lat' dir='ltr'><strong>Macrae</strong></span> <span class='ocrx_word' id='word_1_242' title='bbox 1722 4169 1902 4244; x_wconf 85' lang='lat' dir='ltr'><strong>ostia</strong></span> <span class='ocrx_word' id='word_1_243' title='bbox 1943 4192 2023 4242; x_wconf 89' lang='lat' dir='ltr'><strong>ac</strong></span> <span class='ocrx_word' id='word_1_244' title='bbox 2064 4171 2332 4243; x_wconf 89' lang='lat' dir='ltr'><strong>Lunam</strong></span> <span class='ocrx_word' id='word_1_245' title='bbox 2394 4168 2556 4239; x_wconf 89' lang='lat' dir='ltr'><strong>olim</strong></span> <span class='ocrx_word' id='word_1_246' title='bbox 2609 4167 2709 4237; x_wconf 87' lang='lat' dir='ltr'><strong>fa-</strong></span> 
     </span>
    </p>
   </div>
  </div>
 </body>
</html>
