3104 4805
957 359 1142 413 unna
1186 357 1902 411 rsarm8.-ssns·r01.A
1943 362 2045 410 xx.
2457 345 2569 408 187

429 512 684 582 multos
727 510 894 582 vitae
947 510 1234 582 somniis
1282 511 1517 582 elusos
1570 516 2162 604 expectantesque
2213 529 2401 580 mors
2449 529 2577 602 op-

426 633 785 728 presserit,
854 644 1160 727 quotque
1225 633 1296 703 in
1358 631 1568 705 finem
1633 654 2054 726 oppressura
2118 633 2249 720 sit,
2324 633 2571 726 cogita.

424 758 696 842 Quibus
761 780 898 850 ego
961 758 1273 843 territus,
1336 758 1517 830 hanc
1581 757 1732 850 ipse
1796 757 1964 828 mihi
2029 759 2258 851 legem
2328 758 2567 831 statui:

424 885 668 956 altiora
741 903 853 953 me
927 902 1066 952 non
1139 902 1499 975 quaerere:
1568 881 1759 976 paria
1829 902 1997 953 vero
2022 937 2038 965 ,
2116 903 2339 977 pauca
2421 881 2576 975 qui-

425 1007 585 1079 dem
656 1016 730 1077 et
802 1006 1143 1078 modeste:
1226 1002 1481 1098 quibus
1558 1004 1816 1076 scilicet
1862 1015 1934 1076 et
1978 1004 2282 1078 obtentis
2346 1003 2576 1076 sobrie

427 1130 794 1224 gaudeam,
870 1139 941 1201 et
1011 1130 1272 1201 amissa
1347 1131 1564 1201 feram
1631 1127 1924 1214 fortiter,
1979 1137 2053 1200 et
2102 1130 2403 1223 repulsae
2450 1127 2578 1199 do-

426 1255 572 1325 lore
615 1273 752 1323 non
802 1260 1144 1345 torquear.
1200 1248 1309 1323 Ad
1351 1250 1531 1324 hanc
1576 1253 1798 1343 legem
1844 1253 1936 1324 ita
1978 1275 2092 1324 me
2136 1250 2446 1336 formavi,
2497 1258 2579 1320 ut

424 1375 551 1447 vix
584 1375 683 1445 rei
721 1375 1138 1468 cuiusquam
1164 1396 1415 1446 verear
1437 1382 1790 1460 eventum,
1829 1375 2035 1447 modo
2069 1370 2575 1468 expectationis

425 1497 697 1569 fastidia
736 1497 1208 1571 detrahantur.
1251 1496 1717 1582 Quamobrem
1752 1519 1878 1591 per
1915 1519 2158 1570 omnes
2198 1508 2266 1570 te
2302 1498 2578 1572 coelico-

426 1621 555 1702 laS,
599 1619 836 1703 frater,
879 1641 1027 1703 oro,
1071 1618 1162 1692 ab
1210 1619 1341 1692 hac
1379 1620 1891 1714 quamprimum
1932 1621 2391 1717 perplexitate
2430 1622 2577 1694 dis-

372 1831 376 1837 ·
427 1742 621 1813 solvi.
666 1740 876 1815 Aufer
915 1742 1084 1814 mihi
1120 1743 1699 1837 expectationem:
1726 1742 2066 1837 quidquid
2088 1744 2237 1830 erit,
2264 1746 2577 1838 aequani-

425 1864 626 1935 miter
663 1866 902 1938 feram.
943 1866 1183 1938 Finem
1217 1868 1392 1939 facio
1426 1890 1585 1940 cum
1612 1867 1744 1952 illo,
1772 1868 1973 1940 cuius
1998 1867 2132 1941 boc
2154 1869 2323 1940 mihi
2348 1869 2575 1965 placet

422 1988 602 2059 inter
624 1999 905 2060 caetera:
933 2011 1099 2083 pars
1125 1991 1423 2083 beneficii
1443 2003 1563 2075 est,
1593 1989 1765 2083 quod
1785 1994 2037 2086 petitur
2065 1994 2127 2064 si
2158 1994 2317 2065 belle
2350 2015 2565 2084 παρος.

424 2112 616 2183 Vale.

1421 2248 1580 2256 .-

1241 2451 1594 2518 EPISTOLA
1628 2455 1766 2519 XXI.

769 2641 1156 2692 rnxuctscus
1199 2642 1535 2693 rsa-nancti
1577 2643 1782 2695 mmo
1823 2645 1942 2695 sno
1983 2645 2035 2695 s.
2071 2645 2126 2694 P.
2162 2645 2223 2694 n.

428 2803 784 2861 Commendat
813 2806 1246 2877 adolescentem,
1280 2808 1487 2882 aliquid
1517 2810 1748 2865 humani
1778 2810 1982 2865 amoris
2019 2826 2185 2865 causa
2214 2824 2537 2882 perpessum
2556 2849 2572 2877 ‚

718 2895 878 2969 eique
906 2896 1211 2952 Cardinalis
1240 2896 1625 2954 columnensis
1653 2899 2017 2971 patrocinium
2046 2898 2277 2954 invocat.

616 3107 983 3202 Impletum
1022 3117 1134 3179 est
1170 3109 1374 3204 plane
1420 3108 1489 3179 in
1522 3107 1724 3180 nohis
1756 3107 1943 3201 quod
1975 3107 2067 3180 de
2096 3108 2422 3204 Pompeio
2456 3119 2576 3182 tuo

423 3230 880 3325 Corneliaque
928 3253 1058 3304 sua
1112 3231 1461 3304 scribitur:
1517 3243 1871 3323 neuterque
1916 3228 2221 3303 recedens
2267 3233 2579 3302 sustinuit

424 3348 673 3422 dimisse
711 3355 879 3423 vale.
923 3352 1063 3425 Sed
1101 3375 1230 3425 nec
1270 3353 1504 3424 multis
1537 3352 1717 3424 inter
1751 3375 1881 3425 nos
1918 3351 2158 3424 verbis
2193 3373 2371 3448 opus
2397 3360 2572 3437 erat,

426 3496 586 3567 quae
625 3475 718 3546 nil
760 3476 947 3549 aliud
985 3498 1195 3570 quam
1235 3476 1620 3548 animorum
1645 3487 1716 3547 et
1737 3475 2140 3571 passionum
2173 3495 2334 3567 quae
2368 3473 2439 3543 in
2471 3472 2576 3545 eis

423 3593 763 3683 habitant,
808 3610 993 3672 notae
1035 3610 1228 3686 sunt,
1270 3622 1428 3672 cum
1471 3597 1681 3671 animi
1715 3597 1958 3685 nostri,
1998 3597 2158 3669 licet
2178 3597 2252 3667 in
2282 3595 2572 3682 silentiO,

425 3720 734 3791 vicissim
768 3730 1068 3817 pateant.
1108 3724 1334 3795 Unum
1368 3720 1700 3816 estquod
1732 3731 1799 3794 te
1831 3743 2016 3793 nunc
2052 3740 2291 3811 agere,
2323 3717 2382 3791 si
2414 3740 2579 3815 pos-

430 3839 718 3915 sibilitas
758 3843 987 3929 adest,
1035 3846 1266 3931 velim.
1312 3845 1595 3917 Iuvenis
1635 3844 1918 3939 quidam
1960 3842 2337 3934 virginem,
2377 3842 2577 3915 cuius

428 3986 664 4038 amore
704 3968 1101 4060 languebat,
1145 3970 1299 4061 ipsa
1326 3987 1463 4040 non
1490 3968 1903 4052 obluctante,
1948 3966 2303 4058 cognovit,
2342 3966 2581 4039 matri-

425 4089 638 4161 monii
703 4092 924 4185 pactis
966 4093 1412 4187 interpositis.
1456 4093 1705 4188 quue,
1750 4092 1937 4186 quod
1977 4090 2202 4183 magis
2252 4090 2323 4160 in
2372 4109 2578 4163 aures

430 4219 587 4282 tuas
637 4212 876 4299 intret,
937 4216 1172 4289 nescio
1222 4238 1311 4288 an
1359 4228 1430 4290 et
1468 4217 1539 4288 in
1594 4229 1758 4302 tore,
1800 4223 1989 4288 certe
2040 4214 2225 4307 apud
2274 4214 2577 4285 Thorum
