3104 4805
616 367 805 417 xcvm
1397 366 1823 417 PROLEGOMEN
1831 366 1936 415 GN.

608 502 710 574 Ep.
748 501 837 557 10.
878 500 1072 556 1.ωο
1100 512 1227 555 suo.
1249 529 1321 540 —
1339 499 1491 556 Loeli
1515 500 1837 556 carissime.

931 591 1078 663 Ary.
1117 589 1433 670 Singulas-ia
1467 589 1726 661 quaedam
1763 588 1832 644 de
1868 604 2026 644 coena
2061 588 2166 644 sibi
2200 595 2421 661 parata3
2460 595 2517 646 et
2552 591 2716 645 amici

1004 678 1429 735 commendatio.

612 766 711 840 ΕΡ.
752 767 841 822 11.
882 767 1195 822 Νιοοιοειο
1224 768 1680 825 ΒΑΒτΗοιοωεῐ.
1703 799 1775 811 -
1800 769 1951 825 Tuus
1981 769 2078 825 hic
2102 776 2156 826 et
2183 772 2488 826 bonorum.

932 858 1078 928 Ary.
1120 857 1191 912 Se
1218 857 1379 912 illum
1405 858 1542 913 facie
1563 859 1815 930 ignotum
1829 901 1845 929 ‚
1868 859 1939 916 ob
1956 860 2174 916 virtutis
2192 862 2417 917 laudem
2436 865 2491 914 et
2508 859 2713 915 samam

1003 962 1223 1017 amare,
1253 952 1308 1002 et
1334 947 1624 1020 epistolam
1651 965 1718 1003 ex
1745 956 1888 1005 nutu
1916 950 2421 1005 communis-amici
2457 949 2526 1005 ad
2554 949 2718 1005 illum

1004 1034 1245 1088 mittere.

613 1123 713 1196 Ep.
754 1121 843 1177 12.
885 1122 973 1177 An
1001 1135 1280 1178 muortm.
1304 1124 1657 1180 —Mirarer
1684 1127 1839 1197 quod
1867 1127 1954 1182 ita
1979 1131 2052 1181 te.

929 1211 1075 1284 Ary.
1117 1213 1326 1267 Morem
1363 1215 1414 1270 ei
1451 1232 1511 1270 se
1537 1231 1731 1287 gerere
1767 1221 1933 1287 negat
1968 1214 2107 1271 dum
2143 1219 2372 1287 rogatur
2406 1219 2469 1269 ut
2505 1213 2717 1269 litteras

1003 1300 1073 1356 ad
1102 1303 1356 1374 ignotum
1383 1303 1669 1359 hominem
1697 1304 1901 1363 mittat.

614 1391 714 1464 Ep.
754 1390 845 1446 13.
886 1391 1170 1447 Pmmppo
1198 1406 1273 1446 ns
1299 1391 1604 1449 Virmaco.
1624 1395 1955 1451 -Amicas
1984 1411 2178 1451 aures.

932 1480 1078 1553 Ary.
1111 1480 1367 1537 Graviter
1398 1481 1653 1555 obiurgat
1688 1484 1839 1557 quod
1872 1484 2184 1540 Guidonem
2211 1481 2560 1539 cardinalem
2589 1479 2713 1553 Epi-

1005 1587 1237 1643 scopum
1263 1572 1633 1630 Portuensem
1664 1574 1724 1629 in
1753 1573 1968 1628 Italiam
1994 1572 2184 1644 Legati
2210 1587 2443 1627 munere
2479 1570 2715 1626 missum

1006 1660 1168 1734 quasi
1196 1661 1357 1718 exilio
1386 1663 1732 1718 laborantem
1760 1662 1929 1717 suerit
1956 1662 2271 1717 miseratus.

620 1749 719 1823 Ep.
760 1749 849 1804 14.
891 1748 1065 1806 Lucas
1091 1751 1417 1807 SACERDOTI
1443 1752 1835 1808 Pacem-1⁸0.
1856 1780 1928 1792 —
1949 1750 2149 1806 Sentio
2179 1765 2423 1822 anyores
2450 1754 2596 1804 tuos.

935 1837 1082 1910 Arq.
1122 1836 1337 1894 Laudat
1364 1838 1679 1895 solitudinis
1705 1843 2058 1910 appetentem
2079 1878 2095 1907 ,
2124 1843 2181 1893 et
2207 1836 2463 1892 stimulos
2490 1833 2661 1889 addit.

618 1927 717 1999 Ep.
758 1926 847 1982 15.
890 1927 1188 1984 Guummo
1216 1928 1572 1984 Venonmffl.
1594 1959 1667 1972 —
1688 1930 1926 1986 Gratias
1952 1929 2056 1984 tibi
2085 1929 2284 1984 habeo.

939 2017 1084 2088 Ary.
1125 2016 1358 2073 Librum
1394 2025 1658 2076 mutuum
1695 2020 1861 2092 petit,
1907 2024 1963 2075 et
2007 2018 2078 2074 de
2113 2018 2340 2075 monitis
2372 2017 2493 2074 eius
2519 2016 2723 2089 gratias

1013 2104 1145 2174 agit.

620 2193 722 2266 Ep.
762 2194 852 2250 16.
893 2192 1192 2248 Gummmo
1218 2190 1576 2248 Venommsn
1599 2193 1923 2264 -Fesellit
1950 2194 2168 2263 opinio.

936 2282 1079 2353 Arq.
1121 2280 1230 2352 Spe
1257 2295 1429 2352 quam
1458 2281 1646 2335 animo
1681 2284 2010 2352 conceperat
2043 2279 2207 2334 malis
2231 2279 2446 2334 artibus
2472 2277 2719 2333 inimico-

1012 2384 1138 2423 rum
1166 2384 1225 2424 se
1252 2367 1515 2426 cecidisse
1540 2369 1918 2441 conqueritur.

1498 2555 1719 2618 LIBER
1758 2558 1833 2618 X.

622 2722 722 2793 Ep.
796 2721 851 2775 1.
893 2720 1128 2778 CAnono
1157 2721 1231 2777 IV
1259 2722 1533 2779 Aucus‘ro
1563 2722 1691 2778 IuP.
1714 2721 2218 2795 —Praecipitium
2247 2722 2466 2777 horret.

942 2812 1087 2883 Arq.
1127 2809 1299 2867 Enixe
1325 2811 1583 2868 hortatur
1609 2818 1671 2868 ut
1696 2811 1914 2868 Italiam
1940 2810 2199 2867 adventet
2225 2810 2466 2866 Romani
2495 2809 2721 2883 Imperii

1012 2901 1244 2974 gloriam
1272 2903 1651 2959 restituturus

620 2992 720 3065 Ep.
795 2992 850 3048 2.
892 2992 1163 3049 socmm.
1186 2993 1622 3049 —Amicorum
1641 2994 1887 3066 pavida.

941 3083 1085 3155 Ary.
1126 3081 1292 3154 AEgre
1319 3099 1378 3138 se
1405 3082 1551 3138 serre
1580 3081 1730 3155 quod
1758 3083 1973 3139 nullam
2000 3084 2072 3138 de
2097 3081 2411 3139 valetudine
2438 3081 2559 3137 eius
2583 3079 2724 3135 noti-

1016 3170 1150 3225 tiam
1175 3170 1375 3228 habeat
1393 3214 1409 3241 ‚
1439 3173 1515 3229 ita
1542 3178 1608 3228 ut
1632 3174 1700 3228 de
1727 3174 1848 3229 eius
1873 3173 1985 3228 vita
2010 3172 2265 3228 dubitare
2289 3177 2536 3244 cogatur.
2556 3170 2722 3225 Mittit

1014 3256 1086 3311 ad
1113 3274 1245 3314 eum
1270 3259 1484 3316 litteras
1516 3260 1764 3316 Ger-ardo
1790 3260 1948 3316 fratri
1977 3258 2306 3315 reddendas.

622 3347 721 3421 Ep.
797 3347 850 3402 3.
893 3347 1169 3404 Germano
1200 3365 1431 3406 murm.
1452 3381 1525 3392 -—
1544 3351 1715 3407 Subit
1740 3352 2028 3406 animum.

941 3438 1087 3512 Ara.
1130 3441 1454 3499 Gratulatur
1490 3442 1917 3498 sanctimoniam
1953 3439 2078 3494 vitae
2114 3452 2287 3511 quam
2312 3436 2458 3491 inter
2493 3434 2723 3489 Carthu-

1017 3528 1201 3584 sianos
1228 3530 1359 3600 agit,
1382 3535 1439 3586 et
1455 3531 1636 3586 multa
1654 3534 2053 3586 commemorat
2072 3527 2142 3583 de
2167 3526 2307 3597 eius,
2329 3525 2525 3596 suique
2548 3524 2723 3596 ipsius

1016 3618 1404 3673 adolescentia.

624 3705 723 3777 Ep.
801 3706 855 3760 4.
899 3706 1177 3763 GERARno
1204 3722 1434 3764 murm.
1450 3738 1523 3751 —
1543 3709 1614 3765 Si
1639 3710 1932 3780 fervorem
1958 3705 2168 3761 animi.

943 3798 1088 3869 Arq.
1122 3798 1422 3854 Poetarum
1438 3797 1732 3854 lectionem
1754 3796 2025 3867 religiosis
2045 3794 2176 3851 viris
2192 3793 2436 3865 itemque
2456 3791 2723 3861 theologis

1016 3887 1165 3941 haud
1203 3886 1629 3960 improbandam
1665 3903 1788 3943 esse
1831 3886 2207 3953 demonstrat,
2253 3889 2310 3938 et
2353 3882 2571 3953 Eglogae
2606 3896 2722 3935 suae

1012 3976 1100 4029 cui
1128 3976 1323 4031 titulus
1348 3976 1707 4032 Parthenias
1735 3992 1995 4033 arcanam
2024 3975 2204 4049 aperit
2227 3969 2697 4044 significationem.

626 4058 726 4131 Ep.
802 4060 856 4116 5.
898 4061 1175 4123 Gmnno
1205 4081 1437 4124 fnum.
1457 4097 1531 4110 -
1552 4067 1867 4125 Geminum
1894 4066 2002 4123 otii
2030 4066 2120 4122 tui
2145 4078 2378 4119 munus.

946 4153 1090 4224 Arq.
1131 4154 1265 4212 Eius
1293 4156 1364 4212 de
1390 4156 1692 4213 affectuum
1716 4156 2094 4213 humanorum
2115 4148 2485 4223 repugnantia
2504 4151 2721 4203 senten-
