3104 4805
554 360 631 420 58
1220 369 1301 416 ns
1344 368 1545 418 annus
1589 366 2033 417 FAmnlAmnus

551 518 872 613 pauperis
912 516 1232 611 pulsasti:
1275 516 1462 588 unde
1512 524 1769 601 tamen,
1813 536 1926 585 me
1963 516 2264 601 volente,
2293 538 2432 587 non
2469 518 2699 591 animo

550 662 817 713 vacuus
852 639 1096 713 abibis.
1135 638 1337 723 Quod
1363 637 1454 710 ab
1478 637 1616 710 alio
1636 637 2046 725 mendicavi,
2076 637 2150 710 id
2175 636 2298 708 tibi
2320 638 2541 711 libens
2570 643 2698 713 im-

550 765 823 858 pertiar.
846 762 1012 834 Mihi
1037 761 1334 856 quidem,
1364 764 1598 847 fateor,
1627 761 1716 833 de
1740 761 1871 833 hac
1898 783 1973 832 re
1997 783 2134 833 non
2160 762 2456 855 amplius
2483 786 2696 855 quam

552 887 824 958 unicum
865 886 1227 957 consilium
1260 894 1388 957 est.
1417 883 1619 969 Quod
1653 884 1714 956 si
1737 883 2054 956 fortassis
2080 883 2398 955 inefficax
2422 886 2699 977 experi—

548 1019 776 1081 mento
807 1008 1375 1103 deprehenderiS,
1421 1008 1753 1081 Senecam
1792 1005 2137 1100 culpabis;
2187 1017 2258 1079 at
2307 1008 2368 1078 si
2414 1009 2690 1095 efficax,

549 1132 699 1218 sibi,
726 1156 865 1205 non
890 1132 1075 1217 mihi,
1106 1132 1398 1225 gratiam
1437 1135 1718 1204 referes.
1754 1131 2060 1225 Denique
2092 1130 2163 1201 in
2186 1153 2459 1204 omnem
2483 1155 2697 1204 even-

548 1232 695 1329 tum
734 1259 924 1329 illum
957 1279 1095 1329 non
1128 1256 1404 1349 quidem
1442 1258 1694 1339 solum3
1736 1279 1899 1327 nam
1937 1265 2009 1328 et
2047 1256 2179 1328 hoc
2216 1265 2374 1328 ante
2410 1257 2695 1329 Flaccus

546 1381 843 1465 dixerat,
885 1390 956 1452 et
992 1379 1211 1473 (quod
1244 1379 1412 1452 satis
1440 1378 1781 1474 auguror)
1812 1389 1971 1451 ante
1996 1380 2311 1451 Flaccum
2339 1380 2476 1466 alii,
2507 1382 2696 1475 quod

545 1502 903 1596 quaerendi
928 1524 1111 1574 nunc
1141 1500 1358 1575 otium
1396 1525 1535 1575 non
1560 1512 1693 1586 est;
1742 1502 1865 1573 sed
1891 1504 2405 1595 expressiorem
2430 1504 2693 1575 habeas

546 1627 749 1698 velim
789 1627 1055 1698 consilii
1094 1626 1304 1699 huius
1347 1635 1719 1699 auctorem.
1762 1626 1975 1697 Cuius
2020 1647 2294 1698 summa
2339 1638 2476 1698 est:
2527 1648 2692 1721 apes

544 1748 613 1816 in
655 1747 1165 1820 inventionibus
1205 1750 1606 1836 imitandaS,
1643 1772 1805 1842 quae
1845 1748 2050 1821 flores
2102 1772 2242 1821 non
2289 1752 2533 1843 quales
2583 1772 2696 1822 ac·-

543 1872 864 1962 ceperint‚
903 1874 1236 1956 referunt;
1281 1872 1405 1944 sed
1441 1894 1643 1944 ceras
1687 1894 1769 1944 ac
1802 1874 2006 1943 mella
2053 1869 2342 1944 mirifica
2391 1873 2693 1966 quadam

543 1993 998 2085 permixtione
1034 1994 1422 2067 conficiunt.
1464 1993 1637 2066 Eius
1672 2003 1903 2067 autem
1942 2017 2082 2066 non
2123 2014 2405 2065 sensum
2456 1996 2691 2080 modo,

545 2114 671 2185 sed
720 2115 934 2187 verba
982 2116 1375 2186 Macrobius
1429 2116 1500 2185 in
1550 2117 2033 2190 Saturnalibus
2083 2118 2344 2210 posuit,
2400 2127 2477 2188 ut
2524 2119 2692 2188 mihi

542 2236 822 2329 quidem
863 2257 1001 2306 uno
1040 2236 1420 2330 eodemque
1461 2246 1797 2329 tempore,
1834 2241 2026 2331 quod
2066 2238 2356 2331 legendo
2384 2239 2693 2311 simulac

546 2358 906 2430 scribendo
955 2357 1386 2449 probaverat,
1433 2357 1643 2430 rebus
1694 2358 1864 2461 ipsis
1916 2359 2307 2453 improbare
2348 2359 2688 2434 videatur.

541 2482 692 2549 Non
729 2480 910 2551 enim
952 2480 1156 2552 flores
1199 2482 1384 2573 apud
1419 2483 1753 2554 Senecam
1789 2485 2000 2554 lectos
2052 2483 2122 2552 in
2170 2484 2367 2555 favos
2419 2493 2693 2557 vertere

544 2601 831 2685 studuit,
864 2602 987 2672 sed
1012 2601 1343 2694 integros,
1374 2614 1446 2674 et
1467 2583 1710 2696 qnales
1738 2603 1808 2674 in
1833 2605 2073 2677 alienis
2102 2606 2312 2677 ramis
2340 2607 2696 2679 invenerat

542 2724 839 2817 protulit.
883 2724 1320 2818 Quamquam
1359 2725 1529 2819 quid
1571 2726 1872 2797 alienum
1903 2749 2035 2817 ego
2070 2727 2329 2818 aliquid
2360 2728 2687 2808 dixerim,

541 2846 696 2919 licet
728 2847 818 2919 ab
851 2847 1003 2919 aliis
1038 2847 1489 2933 elaboratum,
1521 2871 1738 2941 quum
1780 2847 2060 2940 Epicuri
2104 2848 2439 2918 sententia
2473 2848 2562 2918 sit
2602 2851 2690 2921 ab

540 2970 782 3041 eodem
849 2971 1105 3041 Seneca
1169 2972 1413 3056 relata,
1483 2970 1823 3064 quidquid
1872 2968 1963 3041 ab
2012 2971 2152 3041 ullo
2202 2969 2377 3041 bene
2427 2971 2686 3042 dictum

540 3101 649 3163 est
710 3114 849 3163 non
915 3092 1214 3163 alienum
1265 3115 1452 3178 esse,
1525 3093 1651 3164 sed
1699 3095 2057 3164 nostrum?
2103 3092 2256 3163 Non
2304 3102 2415 3164 est
2462 3094 2693 3187 itaque

541 3235 666 3283 cur
723 3213 1119 3284 Macrobius
1177 3215 1564 3308 culpandus
1617 3216 1710 3286 sit
1765 3215 1954 3308 quod
2002 3234 2327 3306 magnam
2381 3217 2693 3310 epistolae

540 3335 749 3406 unius
783 3345 1049 3427 partem
1088 3336 1158 3406 in
1199 3325 1535 3430 prooemio
1567 3337 1796 3431 operis
1835 3337 2019 3409 illius
2060 3359 2198 3409 non
2225 3347 2364 3410 tam
2393 3350 2697 3413 transtu—-

540 3457 643 3545 lit,
686 3480 898 3552 quam
935 3459 1387 3552 transcripsit.
1424 3460 1504 3532 Id
1541 3461 1725 3533 enim
1759 3469 1830 3532 et
1860 3460 2029 3530 mihi
2055 3462 2292 3532 forsan
2317 3461 2693 3551 interdum,

538 3591 608 3651 et
647 3580 879 3652 multis
920 3581 1296 3654 maioribus
1348 3582 1615 3655 accidit.
1670 3583 1806 3655 Sed
1855 3581 2026 3654 illud
2072 3582 2363 3671 affirmo,
2418 3587 2694 3678 elegan-

541 3702 731 3775 tioris
770 3725 932 3775 esse
967 3705 1265 3776 solertiae
1300 3714 1393 3788 ut,
1434 3706 1668 3800 apium
1703 3705 2105 3790 imitatoreS,
2143 3706 2401 3779 nostris
2428 3707 2690 3794 verbiS,

540 3826 858 3917 quamvis
887 3827 1175 3902 aliorum
1203 3827 1579 3915 hominum,
1620 3828 1991 3900 sententias
2027 3828 2478 3920 proferamus.
2515 3833 2695 3903 Rur-

541 3964 684 4028 suS,
721 3967 847 4016 nec
878 3946 1085 4021 huius
1124 3950 1356 4021 stilum
1391 3960 1513 4022 aut
1542 3949 1750 4036 illius,
1791 3948 1918 4021 sed
1950 3972 2167 4021 unum
2192 3962 2503 4024 nostrum
2531 3974 2693 4022 con-

540 4062 778 4134 flatum
840 4087 935 4136 ex
999 4071 1313 4162 pluribus
1384 4071 1793 4145 habeamus.
1858 4070 2153 4143 Felicius
2220 4073 2499 4167 quidem
2549 4087 2687 4145 non

540 4185 771 4280 apium
810 4209 1003 4260 more
1044 4192 1307 4282 passim
1351 4216 1598 4286 sparsa
1648 4195 1994 4285 colligere,
2051 4195 2176 4266 sed
2224 4194 2692 4284 quorumdam
