3104 4805
597 332 711 392 368
1271 347 1352 396 DE
1396 346 1596 398 REBUS
1637 348 2077 398 FAmmAmBus

594 488 793 560 sectio
856 509 1009 559 mea
1075 490 1384 583 peperit,
1461 492 1676 562 multa
1738 491 1805 560 in
1874 491 2118 564 faciem
2178 500 2249 563 et
2320 491 2391 561 in
2470 500 2740 584 tergum

592 611 900 683 curanda
948 611 1388 686 denuntians.
1450 615 1622 685 Cum
1672 636 1767 685 ex
1823 633 2028 708 aequo
2090 616 2451 709 despicere
2515 615 2745 687 omnia

592 735 661 805 in
702 734 1010 806 animum
1051 733 1395 807 induxero
1441 736 1665 831 (quod
1706 761 1963 832 magna
1995 763 2088 811 ex
2129 750 2325 833 parte
2366 740 2500 811 iam
2542 738 2739 833 feci),

593 868 734 929 tum
779 858 1073 951 primum
1111 860 1516 954 tranquillos
1565 882 1845 933 somnos
1893 849 2179 957 carpere
2213 861 2560 956 incipiam,
2606 884 2743 934 non

590 980 786 1053 aliter
823 1003 1034 1075 quam
1076 982 1331 1055 AEneas
1374 983 1488 1055 ille
1526 984 1983 1077 Virgilianae,
2026 986 2146 1079 qui

1621 1185 1743 1246 iam
1775 1190 1979 1248 certus
2014 1185 2224 1262 eundi,

985 1281 1276 1362 carpebat
1309 1297 1583 1359 somnoS,
1619 1284 1802 1347 rebus
1835 1283 1958 1346 iam
1991 1283 2108 1346 rite
2139 1283 2381 1364 paratis,

587 1477 728 1550 Aut
773 1477 956 1549 enim
1005 1477 1229 1560 fallor,
1273 1484 1393 1548 aut
1431 1498 1688 1573 anceps
1728 1486 1800 1549 et
1838 1480 2044 1570 longa
2091 1476 2495 1550 deliberatio
2540 1478 2744 1573 plena

589 1598 925 1671 molestiae
964 1620 1047 1671 ac
1091 1597 1348 1670 laboris
1398 1611 1528 1670 est.
1580 1599 1956 1673 Dubitandi
2018 1601 2254 1672 exitus
2321 1600 2588 1671 initium
2635 1611 2746 1673 est

586 1722 861 1817 quietis.
929 1722 1075 1794 Dici
1141 1722 1381 1816 nequit
1443 1722 1653 1794 anxia
1718 1746 1912 1795 mens
1979 1735 2051 1796 et
2121 1724 2742 1796 consultationibus

589 1844 793 1938 vagis
854 1844 1189 1931 exercita,
1245 1853 1585 1939 quantum
1659 1847 1992 1920 electione
2061 1849 2327 1920 consilii
2390 1848 2456 1919 in
2531 1872 2741 1920 unum

587 1969 869 2063 aliquod
908 1990 1119 2042 versa
1166 1969 1596 2065 propositum
1631 1971 2095 2065 conquiescat.
2142 1972 2331 2044 Tunc
2377 1972 2616 2064 igitur,
2670 1982 2747 2043 ut

589 2102 926 2177 occurret,
979 2116 1163 2166 nunc
1215 2093 1659 2187 semisopitus
1708 2101 1779 2166 et
1829 2097 2021 2166 velut
2076 2094 2413 2168 insomnis
2479 2097 2740 2189 loquar.

586 2218 1129 2292 Excusationem
1158 2226 1366 2301 tuam,
1403 2219 1729 2312 quamvis
1765 2240 2299 2312 supervacuam,
2329 2220 2743 2311 amplector;

588 2342 732 2413 scio
778 2341 961 2412 enim
1014 2343 1315 2413 locorum
1367 2339 1765 2414 distantiam
1831 2354 1904 2415 ut
1956 2341 2346 2415 amantibus
2397 2341 2739 2427 odiosam,

589 2462 688 2533 sic
723 2462 1037 2533 honestis
1079 2463 1394 2534 amicitiis
1436 2485 1576 2534 non
1616 2464 1891 2536 obesse.
1936 2464 2367 2558 Ubicumque
2401 2487 2574 2558 ergo
2612 2444 2746 2537 eri'-

589 2605 768 2670 muS,
815 2583 1015 2654 simul
1057 2586 1340 2655 erimus,
1386 2588 1486 2656 De
1527 2588 1802 2678 negotio
1863 2597 1983 2658 tuo
2026 2589 2271 2660 faciam
2322 2597 2398 2659 ut
2452 2589 2742 2670 scribis3

586 2707 774 2800 quod
840 2705 1005 2777 mihi
1073 2707 1328 2777 scilicet
1362 2704 1542 2777 *fieri
1607 2709 1883 2793 vellem,
1956 2708 2263 2782 breviter
2326 2713 2741 2804 expediam3

585 2828 754 2901 nihil
817 2830 1001 2901 enim
1068 2831 1135 2901 in
1202 2851 1313 2902 me
1388 2828 1746 2900 molestius
1823 2832 2148 2925 experior
2221 2855 2429 2925 quam
2508 2835 2746 2913 verbis

587 2954 806 3036 trahi;
868 2954 1047 3024 hanc
1110 2951 1350 3025 amicis
1417 2951 1645 3024 sciens
1707 2952 2091 3025 molestiam
2158 2975 2514 3047 nunquam
2578 2955 2735 3037 feci,

593 3100 721 3149 nec
780 3077 1022 3149 faciam
1080 3077 1387 3171 quidem.
1454 3075 1751 3148 Placebo
1818 3076 1877 3148 si
1938 3083 2220 3170 potero:
2290 3076 2594 3168 alioquin
2652 3097 2741 3145 ne

588 3200 982 3295 displiceam
1023 3199 1423 3293 providebo.
1467 3201 1738 3273 Versus
1774 3210 1960 3286 tuos,
1998 3198 2297 3271 excitato
2337 3197 2523 3292 apud
2563 3198 2746 3269 Heli-

588 3345 762 3395 cona
813 3333 1122 3394 nostrum
1186 3323 1491 3417 ingenio,
1549 3332 1790 3396 texere
1843 3322 2271 3405 meditabor3
2318 3322 2469 3407 sed,
2514 3320 2747 3393 nescio

590 3448 909 3540 qualiter,
962 3446 1209 3520 cedula
1261 3456 1407 3533 tua,
1462 3470 1674 3540 quam
1725 3447 1961 3521 decies
2013 3446 2083 3517 in
2134 3446 2456 3518 manibus
2504 3444 2743 3529 habui,

590 3571 1061 3644 discedentem
1131 3594 1242 3643 me
1305 3571 1575 3656 fefellit,
1643 3582 1715 3642 et
1781 3571 1933 3642 sine
2001 3591 2109 3641 me
2165 3568 2350 3641 domi
2420 3568 2745 3640 substitit.

592 3692 844 3775 Quaere
906 3715 1059 3764 eam
1126 3691 1251 3777 ibi,
1306 3704 1379 3764 et
1430 3703 1590 3786 post
1640 3716 1753 3766 me
1803 3693 2021 3776 mitte,
2090 3692 2249 3763 licet
2305 3702 2375 3763 et
2439 3690 2591 3763 sine
2640 3690 2752 3760 illa

594 3814 769 3887 scire
796 3815 1040 3887 videar
1071 3813 1242 3909 quid
1275 3815 1591 3888 dicturus
1628 3837 1783 3886 sum
1815 3842 1829 3883 :
1870 3814 2072 3886 modo
2107 3814 2412 3886 frondosi
2447 3814 2752 3884 nemoris

595 3939 863 4032 uspiam
913 3938 1400 4012 diverticulum
1460 3950 1796 4012 occurrat.
1860 3937 2277 4010 Tribuniciae
2341 3937 2589 4008 litterae
2639 3956 2754 4007 co-

593 4057 805 4151 piam,
846 4085 1056 4153 quam
1107 4062 1273 4132 mihi
1334 4060 1614 4146 misisti,
1660 4060 1836 4145 vidi,
1882 4060 2047 4152 legi,
2106 4060 2360 4155 stupui.
2410 4059 2590 4144 Quid
2640 4080 2753 4128 re-

596 4179 971 4270 spondeam
1015 4206 1146 4254 non
1190 4184 1434 4256 habeo.
1481 4184 1724 4255 Fatum
1774 4182 2017 4276 patriae
2057 4206 2402 4274 agnosco;
2456 4193 2529 4252 et
2576 4203 2752 4274 quo-
