3104 4805
852 414 1036 462 mnnn
1082 413 1366 463 ’ram-lus.
1390 433 1470 446 —
1497 414 1799 463 amsrom
1841 416 2010 464 xvlu.
2390 403 2505 463 179

358 560 472 628 bus
523 557 805 629 Senecae
845 557 1170 630 laudatus
1212 558 1324 628 ille
1365 557 1836 630 Ciceronianae
1875 557 2216 629 facundiae
2255 559 2507 654 princi-

356 691 589 775 patuS,
668 679 1069 774 ingeniique
1142 678 1495 774 singulare
1570 683 2023 776 praeconium,
2083 693 2154 753 et
2214 683 2378 756 illud
2436 685 2505 754 in

363 801 835 875 Saturnalibus
874 805 1289 877 multiforme
1326 806 1654 879 Macrobii
1693 806 2039 899 eloquium
2077 805 2169 878 ab
2201 807 2505 879 Eusebio

354 929 934 1011 demonstratum
1000 938 1071 1000 et
1118 927 1288 999 illud
1334 929 1529 1001 Statii
1588 929 1852 1023 Papinii
1902 938 2126 1022 poetae
2174 951 2506 1002 reverens

357 1052 927 1146 submissumque
1001 1051 1469 1124 testimonium
1535 1052 1644 1124 vde
1709 1051 2088 1144 virgiliana
2181 1051 2503 1136 AEneide,

355 1176 555 1247 cuius
596 1178 800 1267 longe
843 1174 1196 1268 sequenda
1234 1184 1309 1246 et
1345 1174 1700 1247 adoranda
1766 1175 2068 1267 vestigia
2125 1172 2509 1244 Thebaidem

356 1321 585 1383 suam,
616 1298 685 1368 in
726 1297 1078 1390 publicum
1115 1299 1497 1384 exituram,
1543 1301 1898 1373 admonet:
1933 1310 2003 1371 et
2041 1299 2211 1371 illud
2249 1297 2341 1369 ab
2373 1299 2510 1369 Ho-

354 1423 528 1494 ratio
591 1421 859 1507 Placen,
929 1422 1067 1493 imo
1131 1443 1301 1493 vero
1349 1421 1442 1492 ab
1490 1421 1815 1524 omnibus
1854 1420 2282 1494 concorditer
2318 1420 2510 1492 dela-

355 1554 503 1616 tum
568 1546 867 1616 Homero
926 1555 1288 1639 poetarum
1351 1544 1664 1641 principi.
1728 1545 2050 1618 Pluribus
2113 1567 2247 1637 ago
2296 1566 2505 1638 quam

352 1687 642 1738 necesse
708 1676 839 1738 est.
899 1668 1074 1738 Nam
1140 1667 1254 1740 illa
1318 1669 1602 1762 quidem
1654 1668 2070 1760 longanimis
2126 1667 2509 1740 recordatio

351 1789 682 1861 Prisciani
710 1790 1139 1882 grammatici
1174 1790 1494 1862 iuvenilis
1528 1792 1759 1876 lecti0,
1790 1802 1957 1883 quot
1980 1789 2151 1862 mihi
2174 1789 2505 1861 librorum
2624 1783 2627 1788 ’

351 1913 719 2009 peregrina
753 1915 1029 1984 nomina
1061 1914 1523 2005 congesserit,
1567 1926 1734 2006 quot
1768 1913 2210 2008 postmodum
2243 1911 2503 1982 Plinius

353 2036 744 2120 SecunduS,
791 2048 961 2130 quot
997 2034 1381 2107 novissime
1419 2036 1684 2107 Nonius
1717 2037 2117 2119 MarcelluS,
2148 2033 2507 2127 quotiens-

350 2180 492 2253 que
532 2158 826 2230 salivam
867 2157 1345 2230 excitaverint.
1387 2158 1608 2230 Nemo
1649 2180 1819 2250 ergo
1859 2158 2222 2230 mirabitur
2258 2159 2360 2252 (ut
2395 2180 2506 2229 re—

350 2283 555 2354 deam
598 2281 784 2352 unde
823 2280 1188 2374 digressus
1232 2281 1437 2376 sum),
1466 2281 1923 2353 vehementer
1954 2281 2066 2352 his
2102 2281 2367 2353 animos
2400 2280 2509 2351 in-

352 2407 692 2478 flammari
732 2418 941 2501 atque
979 2405 1258 2499 configi,
1306 2429 1604 2499 quorum
1648 2407 1920 2498 singula
1964 2428 2131 2478 suas
2175 2405 2505 2478 scintillas

354 2549 664 2621 suosque
702 2532 980 2602 aculeos
1018 2533 1247 2624 palam
1289 2529 1579 2613 hahent,
1634 2529 1949 2623 aliosque
1995 2531 2381 2601 clanculum
2432 2529 2501 2598 in

354 2652 515 2724 sinu
555 2661 849 2744 gestant,
885 2674 1065 2746 quos
1107 2651 1240 2723 sibi
1293 2651 1590 2723 invicem
1634 2651 2179 2724 subministrant.
2232 2652 2499 2746 ltaque,

352 2775 571 2869 pudet
608 2774 959 2869 equidem,
1020 2776 1148 2848 sed
1194 2776 1544 2848 fatendum
1612 2774 1938 2868 ingenue,
1994 2789 2065 2847 et
2113 2775 2501 2848 cedendum

351 2921 519 2971 vero
559 2911 692 2983 est,
738 2898 1204 2971 excusabilior
1256 2921 1536 2993 semper
1584 2898 1751 2969 mihi
1801 2898 2140 2993 cupiditas
2190 2899 2344 2970 visa
2395 2910 2505 2969 est

351 3022 797 3095 Atheniensis
831 3008 1106 3118 tyranni
1140 3022 1581 3118 AEgyptiique
1619 3021 1828 3113 regis,
1869 3042 2077 3113 quam
2115 3022 2332 3093 nostri
2371 3022 2504 3093 du-

350 3148 478 3233 ciS,
547 3148 1039 3240 aliquantoque
1103 3145 1401 3218 nobilius
1448 3144 1789 3217 Pisistrati
1857 3144 2181 3238 primum,
2249 3144 2501 3216 deinde

349 3270 699 3342 Ptolemaei
762 3268 1190 3363 Philadelphi
1259 3268 1590 3352 studium,
1648 3290 1857 3360 quam
1927 3267 2161 3338 Crassi
2218 3288 2497 3347 aurum,

349 3395 486 3466 etsi
545 3397 758 3467 multo
810 3396 1045 3488 plures
1114 3392 1492 3464 imitatores
1557 3392 1854 3463 Crassus
1908 3390 2182 3462 habeat.
2229 3388 2366 3458 Sed
2414 3408 2504 3456 ne

349 3519 590 3590 Romae
652 3516 1078 3589 Alexandria
1125 3518 1242 3588 vel
1290 3513 1610 3597 Athenae,
1670 3523 1744 3585 et
1800 3513 2013 3585 ltaliae
2060 3511 2328 3583 Graecia
2389 3511 2499 3580 vel

351 3640 697 3737 AEgyptus
762 3638 1121 3724 insultent,
1174 3649 1245 3710 et
1292 3636 1493 3710 nobis
1548 3636 1842 3709 studiosi
1891 3635 2236 3730 principes
2287 3633 2505 3704 conti-

354 3762 631 3854 gerunt,
675 3762 860 3857 iique
899 3772 1040 3834 tam
1081 3762 1305 3848 multi,
1352 3771 1428 3833 ut
1464 3782 1586 3833 eos
1629 3763 1742 3831 vel
1780 3778 2189 3831 enumerare
2229 3754 2502 3828 difficile

355 3884 476 3967 sit3
519 3895 800 3977 tamque
837 3885 999 3957 huic
1039 3884 1140 3956 rei
1173 3884 1414 3971 dediti,
1455 3894 1530 3956 ut
1569 3885 1898 3954 inventus
1934 3881 2024 3952 sit
2054 3879 2166 3951 cui
2200 3878 2505 3975 philoso-

353 4005 565 4101 phiae,
611 4030 820 4099 quam
863 4006 1148 4102 imperii,
1186 4006 1417 4079 carius
1469 4027 1721 4077 nomen
1772 4012 1991 4086 esset3
2042 4011 2113 4073 et
2162 4000 2497 4083 studiosi,

354 4128 662 4223 inquam,
731 4152 870 4201 non
920 4138 1061 4201 tam
1109 4127 1468 4214 librorum,
1523 4151 1735 4224 quam
1785 4126 1981 4199 libris
2028 4134 2499 4196 contentarum

354 4271 601 4322 rerum.
649 4253 826 4323 Sunt
850 4252 1035 4323 enim
1063 4250 1184 4344 qui
1209 4250 1422 4325 libros
1461 4251 1563 4345 (ut
1595 4250 1872 4353 caetera)
1911 4272 2044 4322 non
2079 4246 2320 4319 utendi
2355 4254 2502 4318 stu-
