3104 4805
510 344 625 405 222
1184 358 1265 405 ns
1310 350 1511 406 nunus
1555 358 1994 408 summamus

1348 620 1703 686 EPISTULA
1749 623 1836 685 ΧΙ.

725 830 1109 882 FRAthscus
1148 830 1486 879 Parmam
1522 830 1755 879 muoso
1792 831 2182 883 massanus!
2216 833 2268 882 S.
2306 834 2360 882 P.
2398 834 2456 882 n.

1135 1018 1214 1073 Dc
1242 1024 1418 1073 morte
1448 1019 1676 1074 Thomae
1700 1018 1886 1074 fratris
1913 1019 2050 1075 eius.

702 1245 866 1315 Post
918 1242 1248 1314 Thomam
1283 1262 1542 1324 meum,
1575 1242 1810 1326 fateor,
1842 1240 2016 1312 mori
2050 1240 2258 1325 volui,
2293 1262 2422 1312 nec
2453 1241 2666 1333 potui.

510 1367 813 1459 Speravi,
860 1365 985 1436 sed
1023 1366 1264 1435 elusus
1309 1385 1486 1435 sum.
1540 1364 1682 1435 Nec
1732 1365 1974 1456 ignoro
2014 1362 2209 1458 quid,
2267 1364 2324 1434 si
2374 1364 2507 1435 hoc
2546 1387 2673 1435 au-

509 1490 682 1573 diat,
731 1508 1192 1580 responsurus
1247 1487 1337 1558 sit
1384 1486 1697 1558 Annaeus
1747 1489 2046 1559 Seneca:
2098 1491 2362 1559 frustra
2413 1488 2673 1560 scilicet

508 1612 728 1708 optari
769 1612 958 1704 quod
997 1612 1064 1681 in
1107 1633 1316 1682 manu
1367 1611 1670 1707 positum
1720 1621 1957 1682 nostra
2010 1612 2119 1681 sit.
2172 1612 2325 1703 Ego
2376 1633 2548 1683 vero
2598 1611 2672 1682 in

509 1736 741 1808 multis
781 1734 1081 1806 hominis
1123 1734 1478 1828 ingenium
1519 1734 1854 1828 probanS,
1900 1733 1990 1805 ab
2029 1733 2275 1805 eodem
2318 1744 2552 1806 tamen
2596 1736 2667 1805 in

510 1859 772 1944 multis,
809 1869 880 1930 et
918 1860 1309 1954 praesertim
1351 1859 1420 1929 in
1460 1859 1595 1931 hac
1634 1857 1968 1952 praecipiti
2002 1880 2083 1929 ac
2119 1860 2485 1930 temeraria
2520 1858 2668 1953 opi-

510 1982 738 2067 nione,
768 1982 1140 2066 dissenti03
1183 2004 1391 2075 quam
1434 2004 1574 2053 non
1617 1984 1837 2053 solum
1879 1982 2161 2066 nostris,
2203 1981 2330 2055 sed
2364 1982 2670 2076 philoso-

509 2106 806 2198 phorum
866 2128 1146 2200 quoque
1217 2104 1573 2197 gentilium
1653 2104 2060 2176 testimoniis
2127 2114 2198 2176 et
2263 2104 2670 2177 auctoritate

509 2229 944 2311 convincere,
973 2249 1111 2298 non
1136 2247 1429 2318 operosa
1463 2224 1839 2318 disputatio
1873 2236 2092 2311 esset;
2132 2227 2255 2299 sed
2290 2226 2498 2298 modo
2531 2249 2671 2299 non

511 2350 583 2422 id
623 2351 920 2444 agimus.
963 2348 1178 2439 Igitur
1218 2357 1296 2419 ut
1332 2347 1424 2419 ad
1463 2369 1608 2420 rem
1660 2349 1965 2434 veniam,
2020 2348 2504 2424 infelicissimis
2556 2374 2673 2422 ru-

509 2471 821 2542 moribus
857 2470 1123 2553 affecto,
1161 2479 1233 2539 et
1265 2469 1520 2563 optima
1555 2471 1684 2544 mei
1724 2482 1919 2566 parte
1953 2474 2243 2558 amissa,
2276 2474 2490 2547 vitam
2522 2474 2673 2544 sine

511 2593 624 2664 illo
664 2614 831 2663 vere
874 2591 1245 2663 solitariam
1281 2600 1488 2685 atque
1523 2595 1805 2665 anxiam
1844 2616 2111 2689 peros0,
2151 2606 2673 2689 peropportuna

510 2715 720 2787 febris
761 2715 1005 2800 adfuit,
1060 2737 1197 2807 qua
1247 2716 1451 2800 duce,
1505 2718 1711 2787 laetus
1764 2740 1989 2809 usque
2039 2717 2128 2788 ad
2178 2720 2407 2811 ipsum
2459 2720 2669 2790 limen

511 2837 750 2907 mortis
801 2834 1084 2907 accessi.
1153 2834 1289 2908 Sed
1353 2857 1512 2905 cum
1580 2835 1871 2907 transire
1936 2838 2204 2919 vellem,
2276 2837 2347 2906 in
2396 2837 2662 2908 foribus

513 2959 842 3051 scriptum
893 2967 1084 3031 erat:
1154 2958 1289 3030 noli
1336 2941 1625 3040 'adhuc;
1693 2957 2001 3029 nondum
2055 2956 2247 3029 venit
2298 2957 2470 3028 hora
2521 2966 2660 3027 tua.

512 3080 831 3154 Continui
872 3080 1192 3173 gradum,
1249 3089 1319 3151 et
1366 3082 1692 3176 repulsus
1745 3078 1922 3165 inde,
1978 3090 2276 3152 moestus
2318 3080 2408 3151 ad
2449 3077 2664 3150 vitam

513 3204 704 3276 redii.
754 3202 979 3296 Atque
1026 3202 1123 3273 ita
1175 3223 1354 3284 sum,
1410 3210 1486 3272 ut
1535 3202 1734 3273 facile
1798 3202 2244 3312 cernentibus
2311 3210 2665 3297 appareat,

514 3350 626 3399 me
666 3325 958 3397 invitum
999 3324 1263 3396 vivere.
1305 3324 1486 3397 Vivo
1527 3336 1789 3411 tamen,
1834 3326 2020 3419 quod
2059 3348 2301 3398 omnes
2354 3335 2674 3397 metuunt

517 3454 706 3522 solus
775 3471 1090 3544 speranS,
1151 3460 1223 3521 et
1283 3447 1593 3520 dolorem
1657 3471 1886 3520 meum
1938 3447 2283 3521 brevitate
2333 3450 2670 3520 consolor.

516 3575 671 3648 Scio
703 3576 888 3646 enim
912 3574 1098 3668 quod
1135 3572 1301 3643 mihi
1336 3595 1492 3644 cum
1521 3582 1739 3644 morte
1766 3570 2022 3654 foedus,
2054 3571 2243 3664 quod
2273 3594 2431 3643 cum
2466 3593 2674 3644 carne

518 3698 1026 3769 commercium.
1072 3694 1344 3769 Utinam
1388 3694 1488 3766 sic
1528 3695 1713 3781 mihi,
1759 3696 2467 3789 quantulumcumque
2507 3692 2674 3765 vitae

522 3829 870 3912 superest,
902 3818 1255 3911 contingat
1278 3839 1515 3910 agere,
1552 3827 1628 3888 ut
1660 3816 1983 3889 omnibus
2025 3815 2219 3887 horis
2255 3816 2320 3885 in
2356 3825 2674 3909 promptu

521 3949 591 4010 et
636 3942 735 4034 (ut
775 3942 909 4014 dici
962 3943 1161 4035 solet)
1217 3922 1287 4011 sn
1337 3953 1702 4014 numerato
1751 3940 2050 4012 habeam
2100 3940 2288 4041 quot}
2337 3938 2667 4020 debeam3

526 4061 755 4153 sitque
793 4064 981 4155 quod
1021 4065 1116 4136 ait
1152 4065 1562 4137 Psalmista:
1608 4065 1851 4137 Anima
1882 4088 2028 4137 mea
2065 4066 2138 4136 in
2173 4064 2476 4136 manibus
2514 4062 2671 4133 meis

522 4205 793 4277 semper.
831 4186 1018 4257 Vale.
