<?xml version="1.0" encoding="UTF-8"?>
<!DOCTYPE html PUBLIC "-//W3C//DTD XHTML 1.0 Transitional//EN"
    "http://www.w3.org/TR/xhtml1/DTD/xhtml1-transitional.dtd">
<html xmlns="http://www.w3.org/1999/xhtml" xml:lang="en" lang="en">
 <head>
  <title>
</title>
<meta http-equiv="Content-Type" content="text/html;charset=utf-8" />
  <meta name='ocr-system' content='tesseract 3.04.00' />
  <meta name='ocr-capabilities' content='ocr_page ocr_carea ocr_par ocr_line ocrx_word'/>
</head>
<body>
  <div class='ocr_page' id='page_1' title='image "./epistolaederebu00unkngoog_0378.png"; bbox 0 0 3104 4805; ppageno 0'>
   <div class='ocr_carea' id='block_1_1' title="bbox 613 375 2123 469">
    <p class='ocr_par' dir='ltr' id='par_1_1' title="bbox 613 375 2123 469">
     <span class='ocr_line' id='line_1_1' title="bbox 613 375 2123 469; baseline -0.003 -26"><span class='ocrx_word' id='word_1_1' title='bbox 613 381 731 443; x_wconf 78' lang='lat'><strong>210</strong></span> <span class='ocrx_word' id='word_1_2' title='bbox 942 375 945 378; x_wconf 74' lang='grc'>’</span> <span class='ocrx_word' id='word_1_3' title='bbox 1270 389 1352 438; x_wconf 74' lang='lat' dir='ltr'><strong>nr.</strong></span> <span class='ocrx_word' id='word_1_4' title='bbox 1394 387 1595 438; x_wconf 67' lang='lat' dir='ltr'><strong>nanus</strong></span> <span class='ocrx_word' id='word_1_5' title='bbox 1637 388 2080 439; x_wconf 72' lang='lat' dir='ltr'><strong>mmunmus</strong></span> <span class='ocrx_word' id='word_1_6' title='bbox 2113 458 2123 469; x_wconf 23' lang='grc' dir='ltr'><em>η</em></span> 
     </span>
    </p>
   </div>
   <div class='ocr_carea' id='block_1_2' title="bbox 611 531 2762 2349">
    <p class='ocr_par' dir='ltr' id='par_1_2' title="bbox 611 531 2762 2349">
     <span class='ocr_line' id='line_1_2' title="bbox 614 531 2755 626; baseline -0.002 -15"><span class='ocrx_word' id='word_1_7' title='bbox 614 540 780 611; x_wconf 88' lang='lat' dir='ltr'><strong>dum</strong></span> <span class='ocrx_word' id='word_1_8' title='bbox 822 535 988 608; x_wconf 92' lang='lat' dir='ltr'><strong>illud</strong></span> <span class='ocrx_word' id='word_1_9' title='bbox 1029 542 1241 616; x_wconf 91' lang='lat' dir='ltr'><strong>tuum,</strong></span> <span class='ocrx_word' id='word_1_10' title='bbox 1288 532 1437 602; x_wconf 90' lang='lat' dir='ltr'><strong>sive</strong></span> <span class='ocrx_word' id='word_1_11' title='bbox 1478 531 1938 624; x_wconf 82' lang='lat' dir='ltr'><strong>epigramma,</strong></span> <span class='ocrx_word' id='word_1_12' title='bbox 1979 532 2132 602; x_wconf 90' lang='lat' dir='ltr'><strong>sive</strong></span> <span class='ocrx_word' id='word_1_13' title='bbox 2165 532 2591 626; x_wconf 79' lang='lat' dir='ltr'><strong>epitaphium</strong></span> <span class='ocrx_word' id='word_1_14' title='bbox 2619 535 2755 609; x_wconf 91' lang='lat' dir='ltr'><strong>dici</strong></span> 
     </span>
     <span class='ocr_line' id='line_1_3' title="bbox 614 654 2757 751; baseline -0 -19"><span class='ocrx_word' id='word_1_15' title='bbox 614 660 862 744; x_wconf 89' lang='lat' dir='ltr'><strong>mavis,</strong></span> <span class='ocrx_word' id='word_1_16' title='bbox 900 657 1087 751; x_wconf 90' lang='lat' dir='ltr'><strong>quod</strong></span> <span class='ocrx_word' id='word_1_17' title='bbox 1118 667 1374 727; x_wconf 84' lang='lat' dir='ltr'><strong>aeterue</strong></span> <span class='ocrx_word' id='word_1_18' title='bbox 1409 676 1814 726; x_wconf 88' lang='lat' dir='ltr'><strong>mansurum</strong></span> <span class='ocrx_word' id='word_1_19' title='bbox 1848 676 2008 726; x_wconf 89' lang='lat' dir='ltr'><strong>esse</strong></span> <span class='ocrx_word' id='word_1_20' title='bbox 2038 654 2340 741; x_wconf 91' lang='lat' dir='ltr'><strong>confido,</strong></span> <span class='ocrx_word' id='word_1_21' title='bbox 2379 679 2604 751; x_wconf 84' lang='lat' dir='ltr'><strong>nuper</strong></span> <span class='ocrx_word' id='word_1_22' title='bbox 2635 659 2757 732; x_wconf 87' lang='lat' dir='ltr'><strong>de-</strong></span> 
     </span>
     <span class='ocr_line' id='line_1_4' title="bbox 612 778 2751 876; baseline 0 -22"><span class='ocrx_word' id='word_1_23' title='bbox 612 785 864 855; x_wconf 81' lang='lat' dir='ltr'><strong>functae</strong></span> <span class='ocrx_word' id='word_1_24' title='bbox 902 780 1127 876; x_wconf 88' lang='lat' dir='ltr'><strong>neptis</strong></span> <span class='ocrx_word' id='word_1_25' title='bbox 1168 779 1571 850; x_wconf 83' lang='lat' dir='ltr'><strong>memoriam</strong></span> <span class='ocrx_word' id='word_1_26' title='bbox 1612 778 2012 862; x_wconf 87' lang='lat' dir='ltr'><strong>celebrabit;</strong></span> <span class='ocrx_word' id='word_1_27' title='bbox 2051 799 2323 873; x_wconf 86' lang='lat' dir='ltr'><strong>semper</strong></span> <span class='ocrx_word' id='word_1_28' title='bbox 2353 780 2470 851; x_wconf 92' lang='lat' dir='ltr'><strong>illa</strong></span> <span class='ocrx_word' id='word_1_29' title='bbox 2504 791 2751 868; x_wconf 90' lang='lat' dir='ltr'><strong>tecum,</strong></span> 
     </span>
     <span class='ocr_line' id='line_1_5' title="bbox 611 901 2756 979; baseline -0.001 -1"><span class='ocrx_word' id='word_1_30' title='bbox 611 916 871 979; x_wconf 91' lang='lat' dir='ltr'><strong>etcum</strong></span> <span class='ocrx_word' id='word_1_31' title='bbox 913 902 1313 976; x_wconf 87' lang='lat' dir='ltr'><strong>clarissimis</strong></span> <span class='ocrx_word' id='word_1_32' title='bbox 1364 901 1591 973; x_wconf 90' lang='lat' dir='ltr'><strong>omnis</strong></span> <span class='ocrx_word' id='word_1_33' title='bbox 1641 903 1775 972; x_wconf 84' lang='lat' dir='ltr'><strong>aevi</strong></span> <span class='ocrx_word' id='word_1_34' title='bbox 1827 902 2215 973; x_wconf 91' lang='lat' dir='ltr'><strong>nominibus</strong></span> <span class='ocrx_word' id='word_1_35' title='bbox 2267 902 2479 974; x_wconf 90' lang='lat' dir='ltr'><strong>vivet.</strong></span> <span class='ocrx_word' id='word_1_36' title='bbox 2532 905 2756 976; x_wconf 88' lang='lat' dir='ltr'><strong>Erunt</strong></span> 
     </span>
     <span class='ocr_line' id='line_1_6' title="bbox 612 1026 2752 1123; baseline 0 -23"><span class='ocrx_word' id='word_1_37' title='bbox 612 1030 732 1123; x_wconf 89' lang='lat' dir='ltr'><strong>qui</strong></span> <span class='ocrx_word' id='word_1_38' title='bbox 772 1038 1061 1100; x_wconf 89' lang='lat' dir='ltr'><strong>mortem</strong></span> <span class='ocrx_word' id='word_1_39' title='bbox 1104 1028 1564 1111; x_wconf 91' lang='lat' dir='ltr'><strong>immaturam,</strong></span> <span class='ocrx_word' id='word_1_40' title='bbox 1618 1036 1688 1098; x_wconf 91' lang='lat' dir='ltr'><strong>et</strong></span> <span class='ocrx_word' id='word_1_41' title='bbox 1736 1026 2068 1099; x_wconf 89' lang='lat' dir='ltr'><strong>iacturam</strong></span> <span class='ocrx_word' id='word_1_42' title='bbox 2124 1027 2368 1098; x_wconf 89' lang='lat' dir='ltr'><strong>modici</strong></span> <span class='ocrx_word' id='word_1_43' title='bbox 2421 1030 2752 1122; x_wconf 89' lang='lat' dir='ltr'><strong>temporis</strong></span> 
     </span>
     <span class='ocr_line' id='line_1_7' title="bbox 615 1150 2754 1246; baseline 0 -22"><span class='ocrx_word' id='word_1_44' title='bbox 615 1152 727 1224; x_wconf 89' lang='lat' dir='ltr'><strong>tali</strong></span> <span class='ocrx_word' id='word_1_45' title='bbox 768 1152 1048 1245; x_wconf 89' lang='lat' dir='ltr'><strong>cupiant</strong></span> <span class='ocrx_word' id='word_1_46' title='bbox 1094 1171 1581 1244; x_wconf 86' lang='lat' dir='ltr'><strong>compensasse</strong></span> <span class='ocrx_word' id='word_1_47' title='bbox 1630 1150 2077 1246; x_wconf 82' lang='lat' dir='ltr'><strong>panegyrice,</strong></span> <span class='ocrx_word' id='word_1_48' title='bbox 2133 1150 2389 1245; x_wconf 89' lang='lat' dir='ltr'><strong>quique</strong></span> <span class='ocrx_word' id='word_1_49' title='bbox 2425 1152 2611 1244; x_wconf 89' lang='lat' dir='ltr'><strong>quod</strong></span> <span class='ocrx_word' id='word_1_50' title='bbox 2662 1152 2754 1224; x_wconf 92' lang='lat' dir='ltr'><strong>de</strong></span> 
     </span>
     <span class='ocr_line' id='line_1_8' title="bbox 612 1267 2750 1368; baseline 0.001 -24"><span class='ocrx_word' id='word_1_51' title='bbox 612 1267 875 1347; x_wconf 77' lang='lat' dir='ltr'><strong>Achille</strong></span> <span class='ocrx_word' id='word_1_52' title='bbox 913 1275 1181 1346; x_wconf 87' lang='lat' dir='ltr'><strong>dixisse</strong></span> <span class='ocrx_word' id='word_1_53' title='bbox 1247 1276 1460 1345; x_wconf 80' lang='lat' dir='ltr'><strong>fertur</strong></span> <span class='ocrx_word' id='word_1_54' title='bbox 1500 1272 1899 1345; x_wconf 81' lang='lat' dir='ltr'><strong>Alexander</strong></span> <span class='ocrx_word' id='word_1_55' title='bbox 1950 1273 2258 1359; x_wconf 89' lang='lat' dir='ltr'><strong>Maced0,</strong></span> <span class='ocrx_word' id='word_1_56' title='bbox 2323 1274 2750 1368; x_wconf 87' lang='lat' dir='ltr'><strong>suspirantes</strong></span> 
     </span>
     <span class='ocr_line' id='line_1_9' title="bbox 611 1395 2750 1489; baseline -0 -21"><span class='ocrx_word' id='word_1_57' title='bbox 611 1397 871 1468; x_wconf 91' lang='lat' dir='ltr'><strong>dicant:</strong></span> <span class='ocrx_word' id='word_1_58' title='bbox 907 1397 962 1466; x_wconf 94' lang='grc' dir='ltr'><strong>Ο</strong></span> <span class='ocrx_word' id='word_1_59' title='bbox 997 1397 1363 1480; x_wconf 80' lang='lat' dir='ltr'><strong>fortunata,</strong></span> <span class='ocrx_word' id='word_1_60' title='bbox 1410 1415 1570 1488; x_wconf 86' lang='lat' dir='ltr'><strong>quae</strong></span> <span class='ocrx_word' id='word_1_61' title='bbox 1614 1396 1818 1466; x_wconf 85' lang='lat' dir='ltr'><strong>talem</strong></span> <span class='ocrx_word' id='word_1_62' title='bbox 1863 1414 2253 1489; x_wconf 83' lang='lat' dir='ltr'><strong>praeconem</strong></span> <span class='ocrx_word' id='word_1_63' title='bbox 2298 1403 2434 1466; x_wconf 84' lang='lat' dir='ltr'><strong>tuae</strong></span> <span class='ocrx_word' id='word_1_64' title='bbox 2471 1395 2750 1467; x_wconf 90' lang='lat' dir='ltr'><strong>virtutis</strong></span> 
     </span>
     <span class='ocr_line' id='line_1_10' title="bbox 614 1516 2753 1611; baseline 0.002 -25"><span class='ocrx_word' id='word_1_65' title='bbox 614 1517 967 1588; x_wconf 85' lang='lat' dir='ltr'><strong>invenisti!</strong></span> <span class='ocrx_word' id='word_1_66' title='bbox 1010 1517 1147 1588; x_wconf 88' lang='lat' dir='ltr'><strong>Sed</strong></span> <span class='ocrx_word' id='word_1_67' title='bbox 1173 1517 1304 1588; x_wconf 94' lang='lat' dir='ltr'><strong>iam</strong></span> <span class='ocrx_word' id='word_1_68' title='bbox 1337 1528 1572 1587; x_wconf 88' lang='lat' dir='ltr'><strong>metuo</strong></span> <span class='ocrx_word' id='word_1_69' title='bbox 1597 1539 1685 1588; x_wconf 91' lang='lat' dir='ltr'><strong>ne</strong></span> <span class='ocrx_word' id='word_1_70' title='bbox 1711 1516 2071 1611; x_wconf 84' lang='lat' dir='ltr'><strong>prolixitas</strong></span> <span class='ocrx_word' id='word_1_71' title='bbox 2108 1518 2176 1588; x_wconf 92' lang='lat' dir='ltr'><strong>in</strong></span> <span class='ocrx_word' id='word_1_72' title='bbox 2212 1518 2560 1590; x_wconf 84' lang='lat' dir='ltr'><strong>fastidium</strong></span> <span class='ocrx_word' id='word_1_73' title='bbox 2595 1542 2753 1591; x_wconf 91' lang='lat' dir='ltr'><strong>ver-</strong></span> 
     </span>
     <span class='ocr_line' id='line_1_11' title="bbox 613 1639 2754 1734; baseline 0 -22"><span class='ocrx_word' id='word_1_74' title='bbox 613 1651 766 1734; x_wconf 82' lang='lat' dir='ltr'><strong>gat3</strong></span> <span class='ocrx_word' id='word_1_75' title='bbox 800 1641 1309 1733; x_wconf 81' lang='lat' dir='ltr'><strong>elegantissima</strong></span> <span class='ocrx_word' id='word_1_76' title='bbox 1352 1662 1629 1733; x_wconf 88' lang='lat' dir='ltr'><strong>quoque</strong></span> <span class='ocrx_word' id='word_1_77' title='bbox 1663 1639 1971 1710; x_wconf 87' lang='lat' dir='ltr'><strong>brevitas</strong></span> <span class='ocrx_word' id='word_1_78' title='bbox 2016 1650 2131 1711; x_wconf 90' lang='lat' dir='ltr'><strong>tua</strong></span> <span class='ocrx_word' id='word_1_79' title='bbox 2182 1664 2269 1712; x_wconf 90' lang='lat' dir='ltr'><strong>ne</strong></span> <span class='ocrx_word' id='word_1_80' title='bbox 2310 1643 2582 1734; x_wconf 81' lang='lat' dir='ltr'><strong>longius</strong></span> <span class='ocrx_word' id='word_1_81' title='bbox 2629 1665 2754 1714; x_wconf 91' lang='lat' dir='ltr'><strong>va-</strong></span> 
     </span>
     <span class='ocr_line' id='line_1_12' title="bbox 613 1763 2757 1859; baseline 0 -23"><span class='ocrx_word' id='word_1_82' title='bbox 613 1787 739 1856; x_wconf 80' lang='lat' dir='ltr'><strong>ger</strong></span> <span class='ocrx_word' id='word_1_83' title='bbox 764 1763 1142 1836; x_wconf 83' lang='lat' dir='ltr'><strong>admonuit.</strong></span> <span class='ocrx_word' id='word_1_84' title='bbox 1174 1763 1562 1835; x_wconf 90' lang='lat' dir='ltr'><strong>Subsistam</strong></span> <span class='ocrx_word' id='word_1_85' title='bbox 1590 1763 1816 1855; x_wconf 81' lang='lat' dir='ltr'><strong>igitur,</strong></span> <span class='ocrx_word' id='word_1_86' title='bbox 1846 1765 2065 1834; x_wconf 92' lang='lat' dir='ltr'><strong>Deum</strong></span> <span class='ocrx_word' id='word_1_87' title='bbox 2091 1786 2302 1835; x_wconf 87' lang='lat' dir='ltr'><strong>orans</strong></span> <span class='ocrx_word' id='word_1_88' title='bbox 2336 1775 2757 1859; x_wconf 88' lang='lat' dir='ltr'><strong>cunctosque</strong></span> 
     </span>
     <span class='ocr_line' id='line_1_13' title="bbox 612 1885 2757 1974; baseline -0.001 -15"><span class='ocrx_word' id='word_1_89' title='bbox 612 1887 982 1973; x_wconf 84' lang='lat' dir='ltr'><strong>coelicolas,</strong></span> <span class='ocrx_word' id='word_1_90' title='bbox 1028 1896 1105 1959; x_wconf 88' lang='lat' dir='ltr'><strong>ut</strong></span> <span class='ocrx_word' id='word_1_91' title='bbox 1148 1887 1589 1958; x_wconf 86' lang='lat' dir='ltr'><strong>serenitatem</strong></span> <span class='ocrx_word' id='word_1_92' title='bbox 1642 1895 1849 1972; x_wconf 90' lang='lat' dir='ltr'><strong>tuam,</strong></span> <span class='ocrx_word' id='word_1_93' title='bbox 1905 1885 2201 1974; x_wconf 80' lang='lat' dir='ltr'><strong>geminis</strong></span> <span class='ocrx_word' id='word_1_94' title='bbox 2239 1896 2378 1958; x_wconf 92' lang='lat' dir='ltr'><strong>tam</strong></span> <span class='ocrx_word' id='word_1_95' title='bbox 2420 1887 2757 1960; x_wconf 89' lang='lat' dir='ltr'><strong>bellorum</strong></span> 
     </span>
     <span class='ocr_line' id='line_1_14' title="bbox 614 2007 2762 2103; baseline -0.001 -21"><span class='ocrx_word' id='word_1_96' title='bbox 614 2034 818 2103; x_wconf 88' lang='lat' dir='ltr'><strong>quam</strong></span> <span class='ocrx_word' id='word_1_97' title='bbox 864 2009 1247 2080; x_wconf 87' lang='lat' dir='ltr'><strong>studiorum</strong></span> <span class='ocrx_word' id='word_1_98' title='bbox 1288 2007 1546 2080; x_wconf 89' lang='lat' dir='ltr'><strong>laureis</strong></span> <span class='ocrx_word' id='word_1_99' title='bbox 1595 2018 1926 2092; x_wconf 88' lang='lat' dir='ltr'><strong>ornatam,</strong></span> <span class='ocrx_word' id='word_1_100' title='bbox 1974 2007 2095 2079; x_wconf 94' lang='lat' dir='ltr'><strong>diu</strong></span> <span class='ocrx_word' id='word_1_101' title='bbox 2145 2007 2430 2080; x_wconf 87' lang='lat' dir='ltr'><strong>iubeant</strong></span> <span class='ocrx_word' id='word_1_102' title='bbox 2469 2008 2538 2080; x_wconf 93' lang='lat' dir='ltr'><strong>in</strong></span> <span class='ocrx_word' id='word_1_103' title='bbox 2576 2017 2762 2081; x_wconf 89' lang='lat' dir='ltr'><strong>statu</strong></span> 
     </span>
     <span class='ocr_line' id='line_1_15' title="bbox 612 2129 1546 2205; baseline -0.003 -3"><span class='ocrx_word' id='word_1_104' title='bbox 612 2129 1309 2205; x_wconf 58' lang='lat' dir='ltr'><strong>felicissimmflorere.</strong></span> <span class='ocrx_word' id='word_1_105' title='bbox 1353 2132 1546 2202; x_wconf 89' lang='lat' dir='ltr'><strong>Vale.</strong></span> 
     </span>
     <span class='ocr_line' id='line_1_16' title="bbox 891 2273 2050 2349; baseline 0.002 -20"><span class='ocrx_word' id='word_1_106' title='bbox 891 2273 992 2329; x_wconf 89' lang='lat' dir='ltr'><strong>VII</strong></span> <span class='ocrx_word' id='word_1_107' title='bbox 1030 2273 1149 2329; x_wconf 71' lang='lat' dir='ltr'><strong>Kal.</strong></span> <span class='ocrx_word' id='word_1_108' title='bbox 1183 2273 1440 2329; x_wconf 78' lang='lat' dir='ltr'><strong>Ianuarii.</strong></span> <span class='ocrx_word' id='word_1_109' title='bbox 1474 2274 1560 2329; x_wconf 90' lang='lat' dir='ltr'><strong>Ad</strong></span> <span class='ocrx_word' id='word_1_110' title='bbox 1588 2274 1795 2331; x_wconf 81' lang='lat' dir='ltr'><strong>fontem</strong></span> <span class='ocrx_word' id='word_1_111' title='bbox 1824 2277 2050 2349; x_wconf 81' lang='lat' dir='ltr'><strong>Sorgiae.</strong></span> 
     </span>
    </p>
   </div>
   <div class='ocr_carea' id='block_1_3' title="bbox 1609 2444 1762 2455">
    <p class='ocr_par' dir='ltr' id='par_1_3' title="bbox 1609 2444 1762 2455">
     <span class='ocr_line' id='line_1_17' title="bbox 1609 2444 1762 2455; baseline 0.02 -2"><span class='ocrx_word' id='word_1_112' title='bbox 1609 2444 1762 2455; x_wconf 58' lang='grc'><strong>.-</strong></span> 
     </span>
    </p>
   </div>
   <div class='ocr_carea' id='block_1_4' title="bbox 1437 2644 1922 2711">
    <p class='ocr_par' dir='ltr' id='par_1_4' title="bbox 1437 2644 1922 2711">
     <span class='ocr_line' id='line_1_18' title="bbox 1437 2644 1922 2711; baseline 0.004 -4"><span class='ocrx_word' id='word_1_113' title='bbox 1437 2644 1792 2710; x_wconf 85' lang='lat' dir='ltr'><strong>EPISTOLA</strong></span> <span class='ocrx_word' id='word_1_114' title='bbox 1833 2645 1922 2711; x_wconf 87' lang='lat' dir='ltr'><strong>lv.</strong></span> 
     </span>
    </p>
   </div>
   <div class='ocr_carea' id='block_1_5' title="bbox 655 2817 2715 2872">
    <p class='ocr_par' dir='ltr' id='par_1_5' title="bbox 655 2817 2715 2872">
     <span class='ocr_line' id='line_1_19' title="bbox 655 2817 2715 2872; baseline 0.002 -5"><span class='ocrx_word' id='word_1_115' title='bbox 655 2817 1037 2867; x_wconf 81' lang='lat' dir='ltr'>FRANCISCUS</span> <span class='ocrx_word' id='word_1_116' title='bbox 1074 2818 1408 2867; x_wconf 75' lang='lat' dir='ltr'>PETRARCA</span> <span class='ocrx_word' id='word_1_117' title='bbox 1442 2817 1707 2867; x_wconf 79' lang='lat' dir='ltr'>10HANN1</span> <span class='ocrx_word' id='word_1_118' title='bbox 1743 2819 2056 2869; x_wconf 81' lang='lat' dir='ltr'>COLUMNAE</span> <span class='ocrx_word' id='word_1_119' title='bbox 2094 2819 2435 2868; x_wconf 78' lang='lat' dir='ltr'>CARDINALI</span> <span class='ocrx_word' id='word_1_120' title='bbox 2471 2822 2522 2870; x_wconf 90' lang='lat' dir='ltr'><strong>S.</strong></span> <span class='ocrx_word' id='word_1_121' title='bbox 2562 2825 2614 2871; x_wconf 78' lang='grc' dir='ltr'><strong>Ρ.</strong></span> <span class='ocrx_word' id='word_1_122' title='bbox 2655 2826 2715 2872; x_wconf 87' lang='lat' dir='ltr'><strong>D.</strong></span> 
     </span>
    </p>
   </div>
   <div class='ocr_carea' id='block_1_6' title="bbox 612 2963 2760 3232">
    <p class='ocr_par' dir='ltr' id='par_1_6' title="bbox 612 2963 2760 3232">
     <span class='ocr_line' id='line_1_20' title="bbox 612 2963 2760 3052; baseline 0 -18"><span class='ocrx_word' id='word_1_123' title='bbox 612 2977 849 3035; x_wconf 90' lang='lat' dir='ltr'><strong>Nunciat</strong></span> <span class='ocrx_word' id='word_1_124' title='bbox 876 2995 934 3034; x_wconf 86' lang='lat' dir='ltr'><strong>se</strong></span> <span class='ocrx_word' id='word_1_125' title='bbox 964 2996 1075 3035; x_wconf 90' lang='lat' dir='ltr'><strong>una</strong></span> <span class='ocrx_word' id='word_1_126' title='bbox 1086 2963 1401 3052; x_wconf 55' lang='lat' dir='ltr'><strong>”eademque</strong></span> <span class='ocrx_word' id='word_1_127' title='bbox 1428 2978 1514 3033; x_wconf 88' lang='lat' dir='ltr'><strong>die</strong></span> <span class='ocrx_word' id='word_1_128' title='bbox 1543 2978 1778 3035; x_wconf 86' lang='lat' dir='ltr'><strong>Romam</strong></span> <span class='ocrx_word' id='word_1_129' title='bbox 1804 2985 1859 3035; x_wconf 87' lang='lat' dir='ltr'><strong>et</strong></span> <span class='ocrx_word' id='word_1_130' title='bbox 1885 2978 2123 3035; x_wconf 84' lang='lat' dir='ltr'><strong>Parisios</strong></span> <span class='ocrx_word' id='word_1_131' title='bbox 2149 2979 2504 3048; x_wconf 88' lang='lat' dir='ltr'><strong>accersitum,</strong></span> <span class='ocrx_word' id='word_1_132' title='bbox 2534 2980 2604 3034; x_wconf 87' lang='lat' dir='ltr'><strong>ad</strong></span> <span class='ocrx_word' id='word_1_133' title='bbox 2630 2996 2760 3050; x_wconf 87' lang='lat' dir='ltr'><strong>poe-</strong></span> 
     </span>
     <span class='ocr_line' id='line_1_21' title="bbox 790 3065 2755 3141; baseline 0 -18"><span class='ocrx_word' id='word_1_134' title='bbox 790 3069 951 3124; x_wconf 86' lang='lat' dir='ltr'><strong>ticam</strong></span> <span class='ocrx_word' id='word_1_135' title='bbox 981 3071 1225 3125; x_wconf 87' lang='lat' dir='ltr'><strong>lauream</strong></span> <span class='ocrx_word' id='word_1_136' title='bbox 1253 3067 1655 3141; x_wconf 87' lang='lat' dir='ltr'><strong>recipiendam:</strong></span> <span class='ocrx_word' id='word_1_137' title='bbox 1696 3073 1752 3124; x_wconf 88' lang='lat' dir='ltr'><strong>et</strong></span> <span class='ocrx_word' id='word_1_138' title='bbox 1787 3069 1905 3124; x_wconf 88' lang='lat' dir='ltr'><strong>eius</strong></span> <span class='ocrx_word' id='word_1_139' title='bbox 1941 3068 2010 3124; x_wconf 91' lang='lat' dir='ltr'><strong>de</strong></span> <span class='ocrx_word' id='word_1_140' title='bbox 2045 3068 2311 3122; x_wconf 85' lang='lat' dir='ltr'><strong>alterutro</strong></span> <span class='ocrx_word' id='word_1_141' title='bbox 2347 3065 2466 3123; x_wconf 89' lang='lat' dir='ltr'><strong>loco</strong></span> <span class='ocrx_word' id='word_1_142' title='bbox 2502 3068 2755 3141; x_wconf 82' lang='lat' dir='ltr'><strong>eligendo</strong></span> 
     </span>
     <span class='ocr_line' id='line_1_22' title="bbox 792 3160 1400 3232; baseline -0.002 -18"><span class='ocrx_word' id='word_1_143' title='bbox 792 3161 1118 3214; x_wconf 85' lang='lat' dir='ltr'><strong>sententiam</strong></span> <span class='ocrx_word' id='word_1_144' title='bbox 1147 3160 1400 3232; x_wconf 85' lang='lat' dir='ltr'><strong>exquirit.</strong></span> 
     </span>
    </p>
   </div>
   <div class='ocr_carea' id='block_1_7' title="bbox 617 3336 2761 4310">
    <p class='ocr_par' dir='ltr' id='par_1_7' title="bbox 617 3336 2761 4181">
     <span class='ocr_line' id='line_1_23' title="bbox 810 3336 2761 3449; baseline 0.002 -25"><span class='ocrx_word' id='word_1_145' title='bbox 810 3352 1098 3448; x_wconf 91' lang='lat' dir='ltr'><strong>Ancipiti</strong></span> <span class='ocrx_word' id='word_1_146' title='bbox 1139 3355 1206 3425; x_wconf 93' lang='lat' dir='ltr'><strong>in</strong></span> <span class='ocrx_word' id='word_1_147' title='bbox 1247 3355 1437 3427; x_wconf 92' lang='lat' dir='ltr'><strong>bivio</strong></span> <span class='ocrx_word' id='word_1_148' title='bbox 1479 3376 1665 3440; x_wconf 72' lang='lat' dir='ltr'><strong>sum,</strong></span> <span class='ocrx_word' id='word_1_149' title='bbox 1709 3377 1834 3427; x_wconf 89' lang='lat' dir='ltr'><strong>nec</strong></span> <span class='ocrx_word' id='word_1_150' title='bbox 1873 3378 2012 3449; x_wconf 83' lang='lat' dir='ltr'><strong>quo</strong></span> <span class='ocrx_word' id='word_1_151' title='bbox 2052 3353 2488 3448; x_wconf 86' lang='lat' dir='ltr'><strong>potissimum</strong></span> <span class='ocrx_word' id='word_1_152' title='bbox 2526 3336 2761 3427; x_wconf 80' lang='lat' dir='ltr'><strong>vertar</strong></span> 
     </span>
     <span class='ocr_line' id='line_1_24' title="bbox 618 3478 2754 3572; baseline 0 -22"><span class='ocrx_word' id='word_1_153' title='bbox 618 3479 780 3552; x_wconf 89' lang='lat' dir='ltr'><strong>scio.</strong></span> <span class='ocrx_word' id='word_1_154' title='bbox 816 3478 987 3550; x_wconf 89' lang='lat' dir='ltr'><strong>Mira</strong></span> <span class='ocrx_word' id='word_1_155' title='bbox 1028 3479 1309 3572; x_wconf 87' lang='lat' dir='ltr'><strong>quidem</strong></span> <span class='ocrx_word' id='word_1_156' title='bbox 1344 3479 1468 3553; x_wconf 91' lang='lat' dir='ltr'><strong>sed</strong></span> <span class='ocrx_word' id='word_1_157' title='bbox 1504 3478 1741 3552; x_wconf 90' lang='lat' dir='ltr'><strong>brevis</strong></span> <span class='ocrx_word' id='word_1_158' title='bbox 1769 3479 2058 3552; x_wconf 84' lang='lat' dir='ltr'><strong>historia</strong></span> <span class='ocrx_word' id='word_1_159' title='bbox 2082 3488 2212 3550; x_wconf 88' lang='lat' dir='ltr'><strong>est.</strong></span> <span class='ocrx_word' id='word_1_160' title='bbox 2243 3479 2594 3551; x_wconf 89' lang='lat' dir='ltr'><strong>Hodierno</strong></span> <span class='ocrx_word' id='word_1_161' title='bbox 2620 3479 2754 3564; x_wconf 90' lang='lat' dir='ltr'><strong>die,</strong></span> 
     </span>
     <span class='ocr_line' id='line_1_25' title="bbox 617 3601 2755 3705; baseline -0.002 -29"><span class='ocrx_word' id='word_1_162' title='bbox 617 3605 786 3677; x_wconf 87' lang='lat' dir='ltr'><strong>hora</strong></span> <span class='ocrx_word' id='word_1_163' title='bbox 831 3607 1046 3677; x_wconf 83' lang='lat' dir='ltr'><strong>ferme</strong></span> <span class='ocrx_word' id='word_1_164' title='bbox 1096 3604 1312 3690; x_wconf 90' lang='lat' dir='ltr'><strong>tertia,</strong></span> <span class='ocrx_word' id='word_1_165' title='bbox 1366 3604 1612 3705; x_wconf 85' lang='lat' dir='ltr'><strong>litterae</strong></span> <span class='ocrx_word' id='word_1_166' title='bbox 1662 3614 1949 3677; x_wconf 90' lang='lat' dir='ltr'><strong>senatus</strong></span> <span class='ocrx_word' id='word_1_167' title='bbox 2000 3603 2167 3673; x_wconf 92' lang='lat' dir='ltr'><strong>mihi</strong></span> <span class='ocrx_word' id='word_1_168' title='bbox 2218 3601 2509 3674; x_wconf 77' lang='lat' dir='ltr'><strong>redditae</strong></span> <span class='ocrx_word' id='word_1_169' title='bbox 2562 3613 2755 3685; x_wconf 88' lang='lat' dir='ltr'><strong>sunt,</strong></span> 
     </span>
     <span class='ocr_line' id='line_1_26' title="bbox 619 3725 2753 3823; baseline -0.001 -26"><span class='ocrx_word' id='word_1_170' title='bbox 619 3729 684 3798; x_wconf 88' lang='lat' dir='ltr'><strong>in</strong></span> <span class='ocrx_word' id='word_1_171' title='bbox 725 3729 978 3823; x_wconf 72' lang='lat' dir='ltr'><strong>quibus</strong></span> <span class='ocrx_word' id='word_1_172' title='bbox 1021 3728 1276 3800; x_wconf 84' lang='lat' dir='ltr'><strong>obnixe</strong></span> <span class='ocrx_word' id='word_1_173' title='bbox 1342 3727 1714 3799; x_wconf 87' lang='lat' dir='ltr'><strong>admodum</strong></span> <span class='ocrx_word' id='word_1_174' title='bbox 1766 3739 1836 3799; x_wconf 88' lang='lat' dir='ltr'><strong>et</strong></span> <span class='ocrx_word' id='word_1_175' title='bbox 1886 3727 2119 3799; x_wconf 91' lang='lat' dir='ltr'><strong>multis</strong></span> <span class='ocrx_word' id='word_1_176' title='bbox 2161 3725 2753 3821; x_wconf 81' lang='lat' dir='ltr'><strong>persuasionibuS‚</strong></span> 
     </span>
     <span class='ocr_line' id='line_1_27' title="bbox 619 3849 2758 3946; baseline -0 -26"><span class='ocrx_word' id='word_1_177' title='bbox 619 3849 707 3921; x_wconf 88' lang='lat' dir='ltr'><strong>ad</strong></span> <span class='ocrx_word' id='word_1_178' title='bbox 740 3850 1245 3946; x_wconf 86' lang='lat' dir='ltr'><strong>percipiendam</strong></span> <span class='ocrx_word' id='word_1_179' title='bbox 1288 3853 1588 3923; x_wconf 87' lang='lat' dir='ltr'><strong>lauream</strong></span> <span class='ocrx_word' id='word_1_180' title='bbox 1630 3852 1968 3946; x_wconf 86' lang='lat' dir='ltr'><strong>poeticam</strong></span> <span class='ocrx_word' id='word_1_181' title='bbox 2010 3852 2298 3923; x_wconf 87' lang='lat' dir='ltr'><strong>Romam</strong></span> <span class='ocrx_word' id='word_1_182' title='bbox 2342 3871 2573 3920; x_wconf 89' lang='lat' dir='ltr'><strong>vocor.</strong></span> <span class='ocrx_word' id='word_1_183' title='bbox 2625 3849 2758 3919; x_wconf 83' lang='lat' dir='ltr'><strong>Eo-</strong></span> 
     </span>
     <span class='ocr_line' id='line_1_28' title="bbox 617 3969 2757 4067; baseline -0 -27"><span class='ocrx_word' id='word_1_184' title='bbox 617 3969 770 4040; x_wconf 89' lang='lat' dir='ltr'><strong>dem</strong></span> <span class='ocrx_word' id='word_1_185' title='bbox 814 3972 946 4044; x_wconf 90' lang='lat' dir='ltr'><strong>hoc</strong></span> <span class='ocrx_word' id='word_1_186' title='bbox 984 3973 1131 4065; x_wconf 92' lang='lat' dir='ltr'><strong>ipso</strong></span> <span class='ocrx_word' id='word_1_187' title='bbox 1172 3973 1299 4058; x_wconf 92' lang='lat' dir='ltr'><strong>die,</strong></span> <span class='ocrx_word' id='word_1_188' title='bbox 1355 3972 1534 4046; x_wconf 86' lang='lat' dir='ltr'><strong>circa</strong></span> <span class='ocrx_word' id='word_1_189' title='bbox 1575 3972 1814 4045; x_wconf 88' lang='lat' dir='ltr'><strong>horam</strong></span> <span class='ocrx_word' id='word_1_190' title='bbox 1854 3973 2219 4056; x_wconf 86' lang='lat' dir='ltr'><strong>decimam,</strong></span> <span class='ocrx_word' id='word_1_191' title='bbox 2268 3992 2477 4067; x_wconf 90' lang='lat' dir='ltr'><strong>super</strong></span> <span class='ocrx_word' id='word_1_192' title='bbox 2514 3969 2757 4040; x_wconf 90' lang='lat' dir='ltr'><strong>eadem</strong></span> 
     </span>
     <span class='ocr_line' id='line_1_29' title="bbox 621 4089 2753 4181; baseline 0.002 -23"><span class='ocrx_word' id='word_1_193' title='bbox 621 4110 694 4159; x_wconf 90' lang='lat' dir='ltr'><strong>re</strong></span> <span class='ocrx_word' id='word_1_194' title='bbox 722 4090 809 4161; x_wconf 89' lang='lat' dir='ltr'><strong>ab</strong></span> <span class='ocrx_word' id='word_1_195' title='bbox 834 4092 1075 4164; x_wconf 90' lang='lat' dir='ltr'><strong>illustri</strong></span> <span class='ocrx_word' id='word_1_196' title='bbox 1104 4096 1255 4167; x_wconf 92' lang='lat' dir='ltr'><strong>viro</strong></span> <span class='ocrx_word' id='word_1_197' title='bbox 1280 4095 1597 4181; x_wconf 87' lang='lat' dir='ltr'><strong>Roberto,</strong></span> <span class='ocrx_word' id='word_1_198' title='bbox 1629 4096 1849 4167; x_wconf 90' lang='lat' dir='ltr'><strong>Studii</strong></span> <span class='ocrx_word' id='word_1_199' title='bbox 1874 4096 2024 4168; x_wconf 88' lang='lat' dir='ltr'><strong>Pari</strong></span> <span class='ocrx_word' id='word_1_200' title='bbox 2035 4095 2287 4167; x_wconf 89' lang='lat' dir='ltr'><strong>siensis</strong></span> <span class='ocrx_word' id='word_1_201' title='bbox 2316 4089 2753 4174; x_wconf 88' lang='lat' dir='ltr'><strong>Cancellario,</strong></span> 
     </span>
    </p>

    <p class='ocr_par' dir='ltr' id='par_1_8' title="bbox 618 4212 2754 4310">
     <span class='ocr_line' id='line_1_30' title="bbox 618 4212 2754 4310; baseline -0.001 -25"><span class='ocrx_word' id='word_1_202' title='bbox 618 4212 902 4285; x_wconf 87' lang='lat' dir='ltr'><strong>concive</strong></span> <span class='ocrx_word' id='word_1_203' title='bbox 928 4237 1098 4300; x_wconf 91' lang='lat' dir='ltr'><strong>me0,</strong></span> <span class='ocrx_word' id='word_1_204' title='bbox 1134 4216 1435 4310; x_wconf 88' lang='lat' dir='ltr'><strong>mihique</strong></span> <span class='ocrx_word' id='word_1_205' title='bbox 1460 4228 1529 4289; x_wconf 90' lang='lat' dir='ltr'><strong>et</strong></span> <span class='ocrx_word' id='word_1_206' title='bbox 1566 4217 1778 4289; x_wconf 89' lang='lat' dir='ltr'><strong>rebus</strong></span> <span class='ocrx_word' id='word_1_207' title='bbox 1806 4219 1981 4289; x_wconf 89' lang='lat' dir='ltr'><strong>meis</strong></span> <span class='ocrx_word' id='word_1_208' title='bbox 2007 4215 2440 4300; x_wconf 89' lang='lat' dir='ltr'><strong>amicissimo,</strong></span> <span class='ocrx_word' id='word_1_209' title='bbox 2472 4213 2754 4286; x_wconf 88' lang='lat' dir='ltr'><strong>nuntius</strong></span> 
     </span>
    </p>
   </div>
  </div>
 </body>
</html>
