3104 4805
936 371 1123 421 Lmen
1166 370 1889 430 Qum'rus.—El³ls'r01.A
1932 372 1995 420 η.
2429 355 2550 421 253

384 514 690 597 traxisti,
749 523 952 607 teque
993 512 1263 584 cunctis
1305 511 1750 584 audientibus
1801 510 2092 606 simplici
2132 533 2289 586 meo
2329 511 2550 586 verbo

382 644 780 710 contentum
820 655 982 707 esse
1023 634 1314 707 dixisti?
1347 634 1562 706 Cuius
1601 656 1692 706 ne
1731 642 1853 706 aut
1875 633 2282 727 poenituisse
2307 646 2391 721 te,
2427 647 2552 708 aut

383 759 962 856 impraemeditata
994 758 1149 831 facti
1184 756 1581 850 benignitas
1616 756 1995 842 videretur,
2031 778 2191 828 cum
2233 778 2421 852 saepe
2457 761 2551 831 si-

386 883 585 954 miles
618 902 828 954 casus
863 878 1259 964 acciderint,
1297 879 1687 951 iurantibus
1720 878 2009 962 cunctis,
2048 901 2403 972 nunquam
2436 904 2550 954 me

384 1005 617 1078 iurare
638 1026 718 1076 es
754 1024 1033 1098 passus.
1072 1001 1254 1087 Quid
1282 1001 1413 1073 hoc
1438 999 1691 1075 iudicio
1719 1002 1888 1074 tanti
1913 1003 2130 1096 patris
2166 1002 2552 1074 illustrius?

386 1126 643 1213 Quanti
683 1127 931 1197 volunt
978 1147 1229 1196 aurum
1268 1135 1340 1195 et
1388 1145 1707 1215 gemmas
1748 1123 2101 1197 aestiment
2145 1125 2366 1208 avari,
2419 1125 2554 1196 hoc

385 1250 738 1321 aestimare
770 1269 910 1319 non
945 1255 1294 1340 poterunt.
1329 1245 1713 1319 Renovasti
1747 1246 1820 1317 in
1854 1268 1982 1333 me,
2021 1257 2218 1341 pater
2240 1246 2550 1321 omnium

387 1369 665 1463 optime,
702 1368 1113 1441 Xenocratis
1147 1368 1542 1462 philosophi
1577 1367 1939 1462 antiquum
1973 1368 2211 1455 decus,
2247 1369 2448 1442 cuius
2481 1370 2553 1442 in

386 1491 698 1585 epistolis
747 1491 841 1564 ad
888 1489 1194 1563 Atticum
1246 1490 1666 1564 mentionem
1709 1492 1876 1564 facit
1915 1491 2182 1577 Cicero;
2233 1493 2355 1587 qui
2394 1516 2554 1566 cum

387 1612 856 1687 testimonium
881 1613 1228 1698 dicturuS,
1265 1613 1498 1685 iurare
1526 1613 1912 1685 secundum
1947 1616 2144 1707 leges
2177 1623 2550 1703 teneretur,

386 1757 471 1808 ea
511 1735 648 1808 sibi
680 1735 773 1808 ab
810 1735 1360 1808 Atheniensibus
1398 1744 1734 1828 spectatae
1768 1733 1933 1807 fidei
1966 1736 2410 1812 credentibus
2444 1761 2555 1812 re-

389 1859 603 1932 missa
627 1858 1013 1932 necessitas
1039 1859 1190 1930 fuit.
1220 1861 1393 1945 Hoc,
1433 1858 1744 1952 inquam,
1775 1858 1846 1929 in
1879 1881 1993 1931 me
2020 1863 2391 1947 renovasti,
2418 1861 2554 1933 nisi

388 1980 580 2075 quod
618 1981 714 2052 illi
754 1992 1028 2055 maturo
1060 1980 1228 2066 aevi,
1272 1979 1345 2052 id
1387 1979 1813 2053 adolescenti
1854 1981 2043 2067 mihi,
2087 1981 2418 2075 quodque
2457 1981 2555 2052 illi

391 2107 613 2178 semel
651 2104 926 2189 accidit,
981 2115 1058 2175 tu
1107 2103 1275 2174 mihi
1315 2113 1730 2197 perpetuum
1768 2103 2014 2176 fecisti.
2058 2104 2149 2175 Et
2187 2113 2393 2199 putas
2442 2124 2555 2174 me

388 2249 600 2324 posse
643 2228 882 2298 talium
922 2225 1285 2299 oblivisci?
1334 2227 1592 2318 Ingens
1633 2226 1766 2299 erit
1814 2225 2136 2311 historia,
2193 2227 2253 2298 si
2307 2225 2557 2299 similia

389 2348 751 2443 complecti
804 2347 1060 2421 velim:
1111 2369 1241 2421 nec
1292 2357 1568 2442 tempus
1620 2348 1908 2443 patitur,
1963 2370 2093 2422 nec
2140 2350 2358 2421 locus.
2410 2348 2559 2422 Ma-

390 2470 698 2564 gnanimi
738 2472 953 2564 patris
991 2470 1093 2544 tui
1125 2493 1372 2545 vocem
1407 2471 1638 2545 audio.
1666 2474 1888 2544 Extra
1920 2494 2159 2544 muros
2187 2470 2382 2543 urbis
2409 2494 2552 2558 me,

392 2593 549 2664 licet
586 2592 912 2679 invitum,
956 2604 1454 2687 prosecuturus
1496 2593 1800 2667 advenit.
1837 2594 2187 2666 Hodierno
2226 2593 2344 2666 die
2368 2590 2556 2687 apud

389 2716 743 2787 Praeneste
786 2736 990 2787 suum
1031 2714 1472 2809 hospitabor:
1516 2716 1613 2787 ibi
1655 2736 1770 2787 me
1802 2715 2236 2789 clarissimus
2277 2737 2372 2787 ex
2413 2712 2555 2786 filio

393 2855 586 2921 suuS,
628 2859 724 2908 ex
763 2837 975 2909 fratre
1017 2847 1181 2910 tuus
1220 2858 1438 2934 nepos
1480 2845 1828 2932 expectat.
1863 2838 2056 2910 Vale.

678 2980 874 3038 Romae
888 3022 904 3052 ‚
938 2982 1082 3039 Non.
1115 2983 1385 3040 Octobris.

1400 3138 1547 3148 *—

1236 3324 1595 3390 EPISTOLA
1633 3326 1720 3389 Ill.

444 3493 828 3546 FRANCISCUS
861 3493 1199 3545 PETRARGA
1233 3493 1501 3543 IOHANNI
1533 3493 1848 3544 COLUMNA-2
1884 3492 2228 3543 cAnnlNAu
2259 3492 2313 3541 S.
2349 3492 2405 3540 Ρ.
2442 3490 2503 3539 D.

569 3649 681 3706 Iter
707 3667 873 3707 suum
899 3650 1189 3723 Neapolim
1215 3668 1392 3723 usque
1419 3651 1708 3721 describit,
1739 3657 1794 3706 et
1817 3652 1969 3707 illius
1994 3650 2136 3706 aulae
2163 3656 2384 3721 turpem

1018 3739 1334 3812 foedamque
1364 3739 1584 3796 exhibet
1612 3739 1929 3811 imaginem.

594 3938 678 4010 Ut
719 3938 928 4014 fidem
963 3943 1374 4034 frangerem,
1409 3951 1480 4013 et
1518 3941 1640 4012 tibi
1673 3941 1840 4012 utile
1872 3951 1943 4013 et
1976 3939 2143 4011 mihi
2184 3961 2398 4038 prope
2432 3965 2557 4016 ne·

392 4064 778 4135 cessarium
818 4064 968 4137 fuit.
1010 4064 1361 4138 Pollicitus
1398 4087 1511 4137 me
1543 4064 1891 4139 maritimo
1929 4063 2178 4137 itinere
2211 4068 2553 4160 profectu-

394 4208 567 4269 rum,
601 4209 741 4259 non
775 4187 980 4260 aliam
1015 4188 1108 4260 ob
1139 4208 1429 4260 causam
1469 4187 1604 4261 nisi
1640 4189 1804 4282 quia
1838 4190 2053 4281 vulgo
2085 4189 2222 4263 iam
2260 4209 2551 4283 persua-
