3104 4805
560 389 678 451 ὓ234
1230 405 1313 452 m:
1355 404 1558 454 assus
1601 404 2038 456 rAmuAmssus

557 554 677 646 qui
717 553 875 639 nati,
919 562 1082 624 sunt
1131 553 1381 638 miseri,
1425 553 1685 646 quique
1718 553 2039 625 omnibus
2092 556 2369 626 saeculis
2421 576 2713 628 nascen—

562 687 689 747 tur.
740 678 1097 748 Postremo
1140 699 1351 747 unum
1393 676 1524 747 hoc
1590 676 1839 748 iterum
1906 688 1976 748 et
2039 678 2286 750 iterum
2339 679 2706 766 admoneo,

556 801 896 895 quosdam
948 799 1139 872 viros
1195 800 1545 891 egregios,
1616 788 1911 893 quorum
1960 802 2236 872 nomina
2305 784 2429 873 tibi
2495 805 2713 877 incul-

555 922 774 995 canda
824 946 962 995 non
1028 923 1325 1008 credidi,
1395 926 1583 994 nulla
1633 946 1709 995 re
1760 923 2056 1017 amplius
2106 925 2455 1012 laudatOS,
2499 949 2711 1021 quam

555 1048 745 1139 quod
795 1069 1080 1119 suorum
1133 1056 1392 1118 mortes
1442 1048 1600 1118 forti
1664 1047 1893 1119 animo
1959 1050 2298 1121 tulerunt:
2351 1051 2538 1144 quod
2590 1051 2709 1122 tibi

554 1192 637 1241 eo
689 1171 1071 1244 studiosius
1122 1170 1632 1242 advertendum
1697 1179 1834 1255 est,
1881 1171 2233 1263 quoniam,
2292 1172 2350 1243 si
2413 1172 2710 1243 circum-

555 1292 793 1385 spicis,
823 1291 1093 1395 yidebis
1120 1302 1316 1365 actus
1347 1302 1504 1364 tuos
1532 1292 1601 1362 in
1637 1295 2039 1388 exemplum
2078 1293 2278 1380 trahi,
2324 1304 2390 1367 te
2426 1295 2496 1364 in
2535 1293 2708 1365 emi-

555 1414 745 1486 nenti
786 1418 1063 1509 specula
1113 1418 1555 1502 collocatum,
1612 1425 1820 1509 atque
1869 1417 1939 1486 in
1993 1425 2059 1487 te
2110 1417 2415 1489 omnium
2467 1419 2706 1488 oeulos

552 1560 715 1610 esse
754 1536 1049 1610 defixos.
1094 1541 1238 1610 Hoe
1279 1538 1401 1611 tibi
1441 1539 1865 1612 laboriosum
1906 1540 2148 1625 decuS,
2193 1551 2265 1612 et
2296 1540 2704 1635 amplissimi

554 1661 833 1752 generis
899 1661 1263 1748 maiestaS,
1324 1673 1397 1736 et
1444 1673 1812 1736 retroactae
1862 1664 2026 1737 vitae
2077 1666 2459 1738 moderatio
2499 1688 2705 1759 pepe-

556 1805 725 1855 rere.
780 1786 969 1857 Vale.

837 1933 1007 1989 Nonis
1036 1934 1298 1990 Ianuarii.

1555 2088 1710 2095 *m

1357 2305 1713 2371 EPISTOLA
1755 2307 1887 2369 XIII.

901 2503 1284 2553 FRANCISCUS
1327 2502 1664 2551 PETRARCA
1705 2501 1909 2550 LAELIO
1950 2502 2069 2551 SUO
2112 2502 2161 2550 S.
2199 2503 2253 2551 P.
2290 2504 2349 2552 1).

936 2685 1014 2738 De
1044 2684 1235 2739 eadem
1264 2701 1324 2738 re
1353 2701 1476 2755 quae
1504 2684 1774 2756 superiori
1802 2685 2032 2755 epistola
2060 2691 2178 2739 acta
2204 2692 2305 2739 est.

791 2904 1008 2975 Nimis
1043 2904 1377 2987 viximuS,
1422 2903 1594 2975 Laeli
1633 2901 2013 2973 carissime.
2067 2898 2496 2971 Moriendum
2549 2906 2700 2974 fue-

549 3037 680 3110 rat,
737 3036 1107 3120 antequam
1158 3026 1563 3121 praeriperet
1624 3023 1825 3096 nobis
1876 3024 2062 3093 Deus
2114 3020 2688 3111 benignissimum

547 3149 932 3235 dominum,
975 3158 1047 3220 et
1078 3148 1754 3241 indulgentissimum
1789 3155 2054 3241 patrem
2078 3155 2409 3229 nostrum,
2456 3144 2695 3215 utilem

547 3273 830 3358 mu‘ndo,
869 3271 1069 3344 nobis
1118 3271 1618 3355 necessarium,
1658 3270 1898 3364 patriae
1949 3269 2345 3362 gloriosum,
2391 3268 2700 3357 longaevi

547 3396 765 3490 patris
807 3394 1157 3482 baculum,
1241 3397 1548 3467 solamen
1593 3414 1943 3480 sororum,
2002 3395 2293 3463 fratrum
2352 3387 2696 3474 laetitiam,

548 3518 926 3590 amicorum
970 3539 1193 3610 spem,
1263 3518 1708 3611 hostiumque
1749 3526 2113 3600 terrorem,
2158 3536 2429 3586 morum
2481 3511 2705 3607 speci-

548 3663 733 3726 men,
788 3641 1123 3713 virtutum
1202 3644 1526 3735 templum
1555 3699 1570 3728 ,
1624 3641 2011 3714 honestatis
2065 3639 2468 3730 imaginem,
2522 3637 2701 3708 litte-

549 3784 782 3834 rarum
807 3762 1169 3858 hospitem,
1203 3765 1589 3836 studiorum
1617 3774 2018 3848 amatorem,
2049 3761 2484 3853 ingeniorum
2520 3779 2702 3852 prae-

548 3908 790 3956 eonem
832 3910 912 3958 ae
959 3878 1451 3958 aestimatorem
1503 3887 1967 3959 rectissimum
2033 3885 2463 3967 meritorum,
2535 3881 2699 3953 nulli

552 4006 889 4094 invidum,
920 4010 1340 4083 invidiosum
1367 4010 1572 4081 claris
1607 4009 1779 4081 viris
1814 4008 2161 4093 omnihus,
2191 4009 2408 4102 pium,
2442 4005 2694 4087 mitem,

553 4126 973 4216 modestum,
1044 4132 1381 4219 sobrium,
1465 4132 1825 4215 affabilem,
1905 4139 2373 4212 constantem,
2425 4129 2692 4208 fortem,

555 4248 843 4335 iustum,
915 4256 1220 4345 largum,
1277 4253 1702 4339 munificum,
1780 4254 2327 4346 magnanimum,
2407 4248 2697 4319 circum-
