3104 4805
609 392 688 438 xL
1470 390 1997 441 PROLEGOMENON.

2969 551 3104 559 —--——-

913 632 1137 686 INITIA
1202 634 1670 690 LITTERARUM
2419 630 2585 714 omui
2626 664 3060 716 amm-omnum

727 751 1169 792 ALPnABETmo
1233 751 1462 793 omnm:
1528 753 1862 795 nlsposlra
2317 779 3104 835 „fa-‘q

1112 872 1193 919 ET
1238 874 1481 921 ΝΟΜΙΝΑ
2127 866 2128 869 ’
2508 891 2754 930 venen

747 973 921 1014 sonum
955 975 1020 1012 An
1054 973 1185 1022 Quos
1218 973 1456 1011 ιιττειυε
1482 973 1646 1013 mssa:
1680 974 1828 1014 sum.
1901 982 1909 994 .
2526 961 2614 991 “¹⁴⁸¹
2640 954 2740 991 ¹⁵⁰³·

450 1178 565 1249 Ego
597 1197 728 1235 vero
756 1181 898 1235 absit
922 1186 986 1235 ut
1013 1181 1361 1235 dissuadeam
1368 1221 2169 1236 ...............

653 1252 721 1294 Ad
750 1253 972 1307 ignotum.

452 1329 672 1401 Eloquii
702 1330 980 1400 splendor.
1044 1370 1525 1384 .........
1534 1307 1547 1315 .
1573 1372 2167 1389 ...........

650 1399 718 1443 Ad
748 1398 958 1442 Publium
987 1399 1235 1454 Virgilium
1264 1399 1515 1445 Maronem.

449 1477 709 1551 Epistolae
736 1478 1068 1550 principium
1094 1485 1224 1535 tuae.
1280 1523 2167 1538 ................

649 1547 715 1590 Ad
747 1550 990 1603 Agapitum
1022 1548 1294 1595 Columnam
1323 1551 1569 1597 iuniorem.

446 1627 748 1700 Epistolam
777 1629 880 1683 sub
908 1634 1003 1684 tuo
1032 1632 1274 1685 nomine.
1340 1674 2165 1689 ...............

642 1699 711 1742 Ad
737 1698 997 1744 Gnidonem
1025 1699 1300 1756 Septimum.

449 1778 749 1850 Epistolam
778 1786 933 1835 tuam
962 1782 1274 1853 apostolicis
1279 1824 2166 1840 ................

645 1849 713 1893 Ad
742 1850 1035 1896 Franciacum
1068 1851 1288 1896 Brunum.

445 1929 746 2001 Epistolam
775 1937 928 1987 tuam
956 1933 1040 1986 vir
1067 1933 1373 1987 clarissime
1400 1935 1624 2006 plenam
1633 1977 2162 1989 ..........

641 2002 709 2044 Ad
740 2002 1056 2057 Pandulphum
1087 2002 1344 2047 malatesta.
1841 2001 1849 2014 ⁴

445 2080 746 2152 Epistolam
774 2087 1013 2137 vestram
1043 2082 1350 2136 charissimi
1378 2083 1606 2139 domini.
1688 2126 2161 2139 .........

640 2152 709 2194 Ad
737 2152 994 2196 Gllbertum
1024 2162 1076 2195 ac
1108 2151 1389 2196 Ludovicum
1419 2151 1586 2199 fratres
1614 2154 1671 2199 de
1699 2154 1919 2209 corrigia.

446 2230 687 2304 Epistola
715 2234 970 2346 tssxaedam
996 2248 1205 2287 recena.
1271 2273 1283 2284 .
1314 2274 1318 2278 .
1334 2274 2161 2288 ...............

642 2301 711 2346 Ad
781 2307 1038 2348 ranciscum
1070 2301 1297 2345 medicum
1327 2302 1593 2348 senensem.

446 2381 689 2454 Epistola
796 2384 969 2439 aedam
997 2389 1091 2438 tua
1119 2399 1315 2455 nuper.
1388 2424 2161 2439 ..............

640 2453 709 2495 Ad
759 2455 1032 2498 'rauciacum
1061 2454 1295 2496 medicum
1326 2452 1596 2500 senensem.

445 2532 685 2604 Epistola
713 2537 888 2587 status
915 2534 996 2588 tui
1024 2531 1216 2588 nuntia
1223 2574 2162 2591 .................

641 2601 710 2645 Ad
742 2602 986 2647 Iohannem
1013 2604 1070 2647 de
1099 2602 1337 2647 Certaldo.
1446 2613 1449 2614 ⁷

446 2681 716 2753 Epistolas
744 2686 867 2737 tuas
895 2682 990 2738 diu
1019 2684 1387 2756 multumque.
1452 2726 2163 2741 .............

644 2751 712 2796 Ad
740 2752 943 2797 Marcum
972 2753 1173 2798 Tullium
1202 2754 1492 2798 Ciceronem.

450 2832 639 2903 Equus
664 2849 824 2888 meus
851 2833 1081 2889 stabulis
1106 2834 1216 2889 tuis
1243 2840 1452 2907 pastus.
1508 2878 2924 2892 ........................
2975 2882 2989 2892 .
3056 2707 3063 2910 ἱ

643 2902 712 2945 Ad
741 2903 961 2958 ignotum.
3056 2913 3062 2944 ι

448 2983 591 3054 Ergo
619 2982 748 3053 quia
775 3000 886 3038 non
914 2989 1070 3057 potes
1098 2985 1246 3056 quod
1272 2987 1441 3041 velles
1447 3027 2989 3044 ..........................
3057 2951 3067 3134 ι

647 3053 716 3095 Ad
747 3053 990 3099 Iohannem
1020 3054 1175 3110 Epiac.
1206 3055 1558 3101 Olmutiensem.

450 3134 582 3188 Erat
606 3132 747 3188 forte
775 3134 891 3189 dies
916 3135 1091 3191 festus
1097 3177 2162 3191 ...................
2456 3138 2510 3191 S.
2545 3135 2701 3191 xm.
2742 3137 2795 3191 8.

639 3202 708 3246 Ad
738 3204 1001 3250 Matthaeum
1033 3206 1259 3262 Longum.
3062 3169 3071 3310 ι

447 3285 516 3339 Et
542 3283 903 3341 familiaribus
931 3287 1077 3341 curis
1105 3285 1244 3340 meis
1271 3285 1489 3356 quibus.
1564 3326 2156 3340 ...........

2268 3328 2994 3349 ιιιιιιιιιιιιι

638 3355 706 3397 Ad
738 3356 1033 3400 Franciscum
1059 3356 1136 3399 SS.
1167 3355 1509 3410 Apostolorum.
3065 3345 3076 3576 Ι

444 3436 512 3490 Et
538 3435 803 3508 gaudium
829 3436 1025 3506 ingens
1051 3435 1217 3490 verba
1223 3475 2747 3492 ..........................
2771 3455 2806 3492 ’.
2855 3483 2867 3493 .
2916 3484 2928 3495 .
2981 3487 2997 3498 .

640 3506 708 3550 Ad
729 3502 953 3565 ,Can-olum
983 3506 1040 3549 lv
1070 3505 1416 3560 Imperatorem.

445 3586 511 3640 Et
538 3586 807 3641 miramur
834 3586 881 3640 si
907 3585 1145 3641 avaritiae
1173 3601 1426 3657 regnum.
1507 3625 2160 3641 ............
2492 3590 2548 3643 S.
2581 3588 2673 3643 vl.
2705 3590 2757 3643 8.
3069 3591 3076 3840 1

645 3656 711 3701 Ad
747 3657 972 3712 ignotum.

443 3734 510 3788 Et
536 3736 727 3789 mirari
792 3742 909 3792 otes
938 3741 994 3791 et
1019 3736 1250 3792 turbari.
1330 3777 2160 3794 ...............
2459 3740 2515 3794 S.
2547 3739 2663 3793 XV.
2696 3740 2787 3793 14.

643 3804 712 3848 Ad
778 3806 1003 3862 hllippum
1032 3806 1184 3863 Episo.
1215 3806 1519 3874 cavallicans.

444 3884 510 3938 Et
538 3889 743 3955 quanto
770 3892 933 3958 putas
958 3888 1156 3958 gaudio
1186 3894 1406 3944 evectus
1411 3929 3000 3949 ...........................
3070 3907 3078 3936 v

646 3954 715 3998 Ad
741 3955 991 4001 Iohannem
1020 3957 1177 4012 Episc.
1204 3957 1554 4005 Olmutienaem.

442 4033 508 4086 Et
537 4033 669 4106 quid
697 4033 878 4091 adhuc
902 4038 1080 4094 haeres
1106 4043 1168 4093 ut
1195 4056 1325 4095 non.
1380 4081 2155 4095 ..............
2488 4040 2543 4092 S.
2573 4036 2635 4091 T.
2665 4036 2753 4092 20.
3073 3967 3080 4158 ἱ

642 4104 712 4149 Ad
742 4105 963 4161 ignotum.
3076 4163 3082 4304 Ι

3076 4311 3080 4340 l

3075 4343 3084 4389 1

440 4184 555 4239 Etsi
584 4184 653 4239 ab
682 4186 1047 4242 adolescentia
1055 4230 2153 4245 ....................

635 4256 703 4299 Ad
732 4256 977 4302 Iohannem
1004 4258 1061 4302 de
1089 4257 1281 4304 lelno.
