3104 4805
904 403 1091 452 mez
1134 402 1914 453 ssscunnus.—-1·:PtsronA
1955 406 2039 453 1x.
2437 394 2554 459 123

382 549 518 622 falli
545 556 794 642 potest,
835 547 1024 619 unde
1047 547 1257 621 devia
1282 550 1449 621 vitae
1476 568 1657 620 meae
1680 569 2098 643 erroresque
2135 564 2549 640 cernentem,

383 671 699 743 misereri
734 670 1034 743 arbitror
1062 670 1481 766 (praesertim
1509 672 1570 745 si
1596 671 2089 746 adolescentiae
2127 696 2276 747 suae
2308 679 2555 750 memi-

384 795 510 878 nit,
555 814 768 886 quam
808 815 1061 885 vagam
1095 805 1166 866 et
1206 794 1646 866 aberrantem
1687 795 2551 889 miseratusOmnipotens

385 917 672 988 retraxit
704 915 795 987 ad
819 927 1082 986 rectum
1109 916 1255 1001 iter,
1283 925 1355 987 et
1386 939 1595 1002 nunc,
1627 940 1752 1010 pro
1779 920 2095 989 arenosis
2121 917 2375 990 Africae
2402 920 2554 992 lito-

387 1040 606 1124 ribuS,
632 1037 753 1109 ubi
780 1037 1183 1131 aliquandiu
1209 1039 1421 1111 noxie
1446 1038 1831 1110 delectatus
1866 1040 2207 1132 vergebat
2245 1041 2336 1112 ad
2369 1063 2556 1113 mor-

389 1173 551 1248 tem,
596 1173 860 1234 aeterne
898 1162 1286 1233 frondentis
1337 1164 1716 1234 Ierusalem
1761 1162 1912 1234 sine
1953 1160 2092 1235 fine
2134 1163 2554 1256 municipem

387 1307 546 1357 esse
580 1284 826 1378 dedit),
864 1283 1027 1356 inde
1062 1282 1231 1353 mihi
1271 1287 1492 1368 favet,
1524 1283 1688 1356 inde
1723 1306 1835 1356 me
1867 1284 2111 1376 diligit.
2149 1285 2335 1372 Quid
2367 1286 2553 1358 enim

387 1405 723 1491 dubitem,
741 1426 901 1477 cum
927 1404 1206 1476 audiam
1233 1404 1303 1475 in
1328 1426 1413 1475 eo
1439 1404 1635 1490 libro,
1653 1427 1862 1498 quem
1891 1404 1980 1477 de
1998 1406 2186 1477 Vera
2197 1406 2556 1498 Religione

388 1527 835 1621 conscripsit,
907 1549 1069 1599 eum
1137 1548 1259 1621 spe
1327 1526 1731 1598 firmissima
1793 1527 2172 1599 dicentem:
2246 1526 2557 1622 Quisquis

388 1651 788 1742 Anqelorum
827 1650 1045 1720 Deum
1085 1648 1333 1741 diliqit,
1378 1661 1591 1720 certus
1641 1674 1786 1721 sum
1835 1649 2006 1744 quod
2043 1672 2147 1720 me
2185 1649 2444 1744 dilvyit?
2483 1653 2555 1723 Si

388 1773 572 1846 enim
598 1775 729 1858 ille,
755 1773 1332 1866 contemplatione
1357 1773 1744 1844 communis
1771 1773 1915 1858 Dei,
1947 1773 2337 1865 angelicum
2363 1797 2556 1847 amo-

389 1918 538 1967 rem
581 1896 713 1967 sibi
757 1897 1164 1990 promittere
1204 1918 1343 1968 non
1386 1895 1650 1990 metuit,
1679 1917 1837 1967 cum
1868 1896 1960 1967 sit
1998 1895 2234 1979 hom03
2277 1896 2555 1969 audebo

390 2029 459 2090 et
497 2040 660 2111 ego,
707 2018 824 2111 qui
868 2020 1075 2091 homo
1129 2042 1316 2103 sum,
1374 2039 1682 2090 amorem
1736 2017 2122 2089 humanum
2174 2018 2426 2089 animae
2476 2019 2558 2088 il-

389 2141 521 2212 lius
568 2143 1086 2227 sacratissimae,
1134 2161 1296 2234 quae
1330 2163 1514 2211 nunc
1546 2142 1724 2212 coelo
1757 2140 2037 2225 fruitur,
2078 2161 2382 2232 sperare.
2419 2139 2556 2212 Sed

390 2264 572 2335 enim
625 2263 831 2335 novis
879 2263 993 2334 hic
1035 2261 1300 2334 salibus
1344 2283 1706 2355 asper-gor.
1748 2260 1872 2333 Ais
1918 2261 2131 2347 enim,
2171 2261 2339 2332 mihi
2374 2260 2555 2356 phy-

391 2385 533 2457 sica
573 2386 782 2457 etiam
825 2409 1010 2458 nunc
1049 2395 1122 2458 et
1160 2386 1428 2480 poetica
1469 2384 1845 2457 ruminanti
1893 2381 2270 2476 Augustini
2319 2383 2504 2456 dicta
2535 2439 2551 2469 ,

388 2509 589 2601 quasi
637 2509 960 2601 quaedam
1006 2510 1275 2580 somnia
1313 2508 1562 2581 videri.
1605 2507 1856 2579 Melius
1898 2507 2239 2580 dixisses:
2282 2508 2394 2578 illa
2446 2529 2557 2579 re-

391 2632 657 2724 legenti,
708 2643 919 2705 totam
953 2633 1122 2704 mihi
1163 2633 1384 2703 vitam
1413 2654 1644 2702 meam
1670 2631 1838 2701 nihil
1866 2629 2093 2701 videri
2121 2628 2311 2701 aliud
2345 2652 2554 2723 quam

390 2756 541 2827 leve
582 2755 956 2840 somnium,
1004 2755 1677 2846 sagacissimumque
1700 2754 2137 2847 phantasma.
2175 2753 2418 2846 ltaque
2459 2754 2557 2823 le-

389 2878 614 2950 ctione
651 2878 764 2949 illa
789 2878 1058 2950 excitor
1095 2877 1448 2949 interdum
1468 2933 1483 2962 ,
1523 2877 1722 2946 velut
1753 2898 1794 2946 e
1825 2895 2069 2947 somno
2096 2873 2553 2965 gravissim03

327 3025 343 3048 ·
393 3000 544 3085 sed,
621 3010 914 3091 urgente
992 2999 1429 3071 mortalitatis
1500 2998 1797 3082 sarcina,
1874 2994 2230 3090 palpebrae
2304 3015 2556 3065 rursus

391 3133 668 3206 coeunt;
737 3134 808 3197 et
870 3123 1117 3194 iterum
1184 3121 1671 3215 expergiscor,
1746 3130 1817 3192 et
1866 3118 2119 3190 iterum
2170 3116 2555 3191 obdormio,

390 3244 802 3315 Voluntates
843 3265 1019 3316 meae
1062 3244 1419 3327 fluctuant,
1475 3250 1549 3313 et
1598 3241 1945 3313 desideria
1994 3239 2433 3324 discordant,
2487 3247 2561 3308 et

395 3364 857 3439 discordando
896 3389 1007 3438 me
1047 3369 1372 3438 lacerant.
1429 3365 1541 3443 Sic
1592 3365 1940 3438 adversus
1984 3365 2381 3436 interiorem
2433 3361 2561 3429 ho-

398 3488 653 3560 minem
694 3490 1001 3562 exterior
1038 3499 1336 3583 pugnat:

637 3738 804 3801 Nunc
837 3739 1048 3802 dextra
1082 3739 1464 3819 ingeminans
1500 3740 1687 3817 ictus,
1724 3752 1881 3800 nunc
1916 3735 2013 3798 illc
2048 3731 2325 3805 sinistra;

641 3836 758 3900 Nec
791 3853 996 3914 mora,
1034 3854 1142 3901 nec
1178 3839 1452 3918 requies:

399 4104 468 4164 et
505 4095 573 4164 ni
614 4097 816 4169 Pater
857 4106 1196 4180 aeternuS,
1241 4117 1414 4168 voce
1453 4093 1697 4189 praelia
1733 4091 2088 4174 dirimens,
2128 4090 2394 4158 sessum
2428 4083 2566 4153 Da-

405 4228 547 4289 reta
586 4219 677 4290 de
719 4219 1042 4292 manibus
1095 4218 1347 4292 Entelli
1399 4216 1706 4292 ardentis
1758 4215 2031 4310 eripiat,
2088 4210 2322 4283 vincet
2368 4214 2569 4276 exte-
