3104 4805
556 350 632 410 322
1222 363 1302 409 m:
1347 364 1547 411 annus
1592 358 2028 413 rAuluAmmts

555 512 831 605 quidem
884 510 1189 604 pulchrae
1242 510 1336 580 rei
1387 510 1621 583 dilatio
1675 511 1914 603 turpis,
1968 522 2036 581 et
2076 513 2299 582 omnis
2336 513 2422 583 de
2482 516 2695 587 hone-

557 647 664 709 sto
712 636 1107 708 deliberatio
1147 636 1414 725 longior
1464 636 1826 707 inhonesta
1875 647 2001 707 est.
2046 635 2396 727 Rapienda
2433 648 2541 708 est
2579 660 2696 708 oc-

554 760 768 842 casi0‚
812 757 1303 850 confestimque
1353 757 1740 829 faciendum
1780 758 1968 850 quod
2016 768 2173 828 ante
2224 768 2493 852 tempus
2546 758 2690 832 fieri

557 904 693 952 non
736 890 976 972 potest.
1020 879 1219 962 Quod
1269 880 1358 951 ad
1416 902 1525 951 me
1576 881 1842 963 attinet,
1885 903 2162 951 currere
2210 890 2278 950 et
2327 902 2693 974 properare

556 1004 980 1097 propositum
1027 1014 1136 1073 est
1184 1014 1261 1073 ut
1313 1002 1535 1096 (quod
1576 1003 1661 1074 de
1712 1003 1882 1074 lulio
1948 1003 2223 1073 Caesare
2282 990 2352 1071 in
2409 1004 2698 1097 epistola

556 1128 854 1221 quadam
897 1126 990 1198 ait
1031 1125 1299 1219 Cicero)
1356 1127 1587 1196 omnia
1635 1149 1789 1197 mea
1830 1127 2057 1198 studia
2107 1126 2175 1195 in
2220 1126 2427 1196 istum
2467 1128 2696 1197 confe-

560 1273 728 1321 ram.
772 1251 922 1339 Ego
948 1271 1131 1319 ·vero
1172 1248 1435 1319 ardenti
1485 1248 1764 1341 quidem
1822 1249 2051 1320 studio
2105 1249 2174 1320 id
2225 1252 2514 1320 fortasse
2551 1250 2695 1320 effi-

559 1371 767 1456 ciam,
812 1371 1001 1462 quod
1052 1392 1238 1463 saepe
1278 1371 1661 1442 viatoribus
1710 1395 1867 1441 cum
1920 1382 2286 1466 properant
2321 1373 2575 1455 evenit,
2622 1384 2697 1442 ut

563 1496 621 1564 si
665 1496 886 1567 serius
927 1516 1134 1587 quam
1177 1493 1517 1564 voluerint
1556 1496 1728 1566 forte
1768 1494 2208 1579 surrexerint,
2244 1494 2690 1586 properand0,

559 1618 762 1688 etiam
788 1616 989 1688 citius
1016 1639 1226 1709 quam
1254 1615 1313 1687 si
1339 1616 1426 1687 de
1450 1629 1648 1689 nocte
1675 1617 2095 1709 vigilassent,
2127 1616 2529 1709 perveniant
2559 1639 2697 1709 quo

564 1740 794 1811 velint.
849 1740 958 1811 Sic
1006 1762 1161 1831 ego,
1223 1740 1547 1832 quoniam
1600 1740 1669 1810 in
1720 1740 1851 1811 isto
1902 1740 2177 1810 homine
2226 1740 2512 1811 colendo
2560 1750 2695 1810 tam

563 1862 932 1934 indormivi
979 1864 1124 1948 diu,
1177 1886 1388 1935 cursu
1445 1863 1784 1954 corrigam
1837 1863 2239 1934 tarditatem.
2284 1863 2431 1933 Tibi
2473 1874 2697 1934 autem

565 1996 680 2058 tuo
711 1989 860 2059 foro
894 1988 993 2058 uti
1026 2010 1309 2058 necesse
1340 1999 1475 2070 est,
1513 1987 1791 2080 quando
1825 1987 1914 2058 ad
1947 2010 2106 2059 eum
2142 2008 2373 2078 regem
2400 1987 2704 2080 aspirare

564 2131 701 2180 non
743 2121 879 2180 tam
921 2111 1096 2192 freti,
1133 2132 1343 2201 quam
1382 2108 1538 2179 belli
1580 2109 1774 2180 obice
1813 2108 2216 2201 prohiberis.
2258 2109 2482 2179 Patria
2520 2108 2700 2178 enim

570 2244 712 2316 tua,
776 2232 974 2302 cuius
1028 2254 1225 2302 nemo
1279 2241 1342 2301 te
1391 2231 1727 2303 amantior
1776 2232 1949 2301 civis
2006 2243 2156 2315 est,
2211 2229 2461 2301 inimici
2519 2229 2702 2318 regis

568 2354 875 2447 imperio*
910 2352 1254 2424 subiacet:
1325 2353 1623 2426 dicerem
1693 2354 1999 2449 tyranni,
2069 2354 2204 2424 nisi
2275 2356 2437 2450 quia
2502 2355 2705 2426 timeo

567 2501 770 2549 aures
816 2490 966 2547 tuas
1009 2476 1370 2548 offendere.
1415 2476 1524 2549 Ad
1565 2478 1720 2548 haec
1757 2490 1827 2549 et
1865 2501 2116 2570 magna
2155 2502 2266 2550 res
2307 2490 2441 2561 est,
2484 2501 2706 2570 neque

567 2597 819 2667 nostris
860 2598 1139 2669 calamis
1181 2598 1662 2682 discernenda,
1710 2600 1832 2668 sed
1871 2600 2140 2670 illorum
2182 2601 2447 2690 gladiis.
2493 2601 2708 2689 Igitur

567 2719 656 2790 ad
695 2718 1036 2811 inceptum
1089 2721 1314 2792 redeo.
1359 2720 1430 2790 Si
1479 2721 1632 2791 haec
1683 2720 1805 2790 tibi
1841 2723 2157 2812 exempla
2196 2722 2284 2791 de
2324 2720 2707 2789 illustrissi-

570 2842 700 2912 mis
741 2844 955 2914 electa
1003 2864 1140 2914 non
1195 2843 1557 2927 sufficiunt,
1606 2843 1738 2914 alia
1776 2866 1869 2914 ex
1918 2842 2049 2913 alio
2100 2863 2309 2932 grege
2349 2839 2704 2909 hominum

570 2964 913 3050 adiiciam,
966 2977 1036 3037 et
1094 2978 1297 3039 aetate
1346 2966 1723 3037 recentiora
1769 2977 1838 3037 et
1896 2963 2250 3035 sanctitate
2300 2959 2702 3033 clarissima.

570 3087 878 3170 Quantos
952 3090 1113 3159 olim
1152 3093 1476 3162 ‘aemulos
1550 3088 1981 3180 Augustinus
2069 3098 2339 3169 noster,
2411 3094 2705 3177 quantos

571 3209 1060 3305 HieronymuS,
1099 3222 1391 3302 quantos
1433 3211 1675 3282 habuit
1705 3209 2109 3300 Gregorius,
2154 3209 2371 3281 donec
2412 3215 2711 3299 spectata

572 3333 795 3404 virtus
837 3342 906 3403 et
945 3332 1321 3404 litterarum
1362 3331 1600 3405 divina
1649 3345 1718 3405 et
1750 3330 2173 3404 admirabilis
2213 3330 2492 3401 ubertas
2535 3327 2715 3398 invi-

572 3457 753 3529 diam
808 3456 1153 3528 vinoeret‘?
1200 3445 1338 3528 Vix
1386 3457 1635 3528 horum
1685 3457 2055 3551 quisquam
2106 3455 2445 3545 integrum
2513 3453 2714 3521 famae

573 3581 1023 3674 praeconium,
1078 3581 1213 3651 nisi
1262 3580 1351 3652 ab
1413 3582 1565 3674 ipso
1631 3580 1742 3652 die
1807 3578 2077 3663 mortiS,
2146 3575 2421 3668 accepit.
2493 3576 2715 3644 Unum

574 3709 826 3775 aemulo
866 3727 947 3777 ac
986 3705 1480 3797 reprehensore
1513 3716 1886 3788 carentem,
1927 3724 2140 3772 unum
2180 3702 2381 3794 plena
2417 3710 2487 3771 et
2524 3698 2719 3768 inde-

574 3837 806 3916 cerpta
854 3828 1055 3899 laude
1095 3828 1489 3900 decoratum
1533 3826 2005 3907 Ambrosium,
2051 3823 2251 3895 cuius
2294 3845 2379 3894 ne
2419 3816 2714 3891 inventis

575 3945 850 4035 quidem
902 3950 1149 4020 famam
1202 3952 1493 4023 mordax
1546 3950 1723 4022 livor
1772 3947 2071 4040 attigerit
2128 3945 2310 4039 apud
2375 3940 2713 4037 quosdam

579 4065 895 4148 inveni03
969 4073 1156 4160 quod
1230 4075 1399 4145 forte
1472 4072 1560 4144 ad
1634 4094 1876 4167 puram
1950 4070 2102 4141 eius
2182 4090 2261 4140 ac
2339 4063 2712 4156 simplicem

581 4187 957 4260 doctrinam
1020 4193 1243 4263 omnis
1308 4195 1614 4285 ambigui
1678 4204 2030 4286 expertem
2100 4186 2528 4261 referendum
2586 4195 2714 4254 est.
