3104 4805
592 557 1139 643 FRANCISCUS
1206 557 1671 642 PETRARCA
1738 557 2326 642 POSTERITATI

1311 762 1619 809 SALUTEM.

581 1527 815 1598 Fuerit
864 1527 983 1597 tibi
1032 1531 1265 1598 forsan
1317 1527 1405 1599 de
1460 1551 1570 1598 me
1620 1530 1881 1620 aliquid
1931 1529 2244 1601 auditum
2289 1531 2547 1622 (quan—

387 1672 597 1741 quam
646 1662 716 1721 et
769 1652 900 1721 hoc
952 1650 1246 1720 dubium
1301 1651 1417 1735 sit,
1478 1674 1567 1722 an
1632 1652 1969 1742 exiguum
2032 1662 2102 1722 et
2165 1651 2545 1723 obscurum

391 1774 592 1862 longe
630 1795 878 1843 nomen
923 1794 1047 1842 seu
1089 1774 1393 1842 locorum
1441 1795 1566 1843 seu
1620 1782 2004 1864 temporum
2048 1782 2545 1864 perventurum

392 1893 539 1984 sit),
567 1903 638 1963 et
670 1894 836 1964 illud
869 1895 1158 1964 forsitan
1184 1894 1476 1988 optabis,
1508 1916 1718 1964 nosse
1744 1895 1913 1987 quid
1949 1894 2249 1965 hominis
2276 1894 2542 1976 fuerim,

390 2025 515 2084 aut
553 2016 708 2106 quis
749 2038 1035 2107 operum
1075 2017 1309 2086 exitus
1353 2038 1694 2100 meorum,
1737 2037 1980 2086 eorum
2023 2015 2325 2085 maxime
2374 2036 2551 2105 quo-

393 2159 546 2206 rum
588 2138 677 2207 ad
720 2147 785 2207 te
824 2140 1003 2208 fama
1056 2138 1477 2229 pervenerit,
1536 2140 1650 2209 vel
1703 2159 2000 2229 quorum
2044 2145 2248 2206 tenue
2298 2156 2549 2205 nomen

393 2258 717 2329 audieris.
773 2261 861 2328 Et
912 2260 1000 2329 de
1058 2260 1278 2352 primo
1342 2260 1625 2352 quidem
1672 2259 1890 2331 variae
1939 2267 2144 2330 erunt
2190 2258 2548 2328 hominum

393 2401 635 2462 voces3
677 2381 772 2451 ita
802 2380 984 2451 enim
1022 2371 1234 2451 ferme
1266 2382 1568 2474 quisque
1602 2382 1936 2473 loquitur,
1974 2390 2052 2451 ut
2091 2381 2377 2473 impellit
2408 2401 2548 2451 non

394 2503 653 2572 veritas
707 2504 828 2573 sed
870 2506 1222 2595 voluptas:
1291 2526 1416 2574 nec
1468 2504 1723 2589 laudiS,
1769 2526 1898 2575 nec
1943 2503 2243 2574 infamiae
2296 2503 2549 2574 modus

392 2633 525 2693 est.
566 2625 817 2695 Vestro
855 2625 942 2695 de
982 2648 1194 2717 grege
1233 2648 1417 2695 unus
1471 2626 1569 2695 fui
1619 2635 1851 2696 autem
1903 2625 2212 2696 mortalis
2253 2625 2553 2696 homun—

393 2746 527 2829 cio,
584 2769 709 2817 nec
758 2769 1033 2837 magnae
1086 2748 1462 2818 admodum
1515 2770 1643 2818 nec
1695 2747 1854 2818 vilis
1908 2748 2217 2837 originis,
2268 2747 2552 2819 Familia

398 2867 500 2960 (ut
537 2867 624 2939 de
666 2890 742 2937 se
781 2869 876 2939 ait
908 2868 1273 2959 Augustus
1311 2870 1575 2962 Caesar)
1607 2870 1910 2961 antiqua.
1945 2870 2205 2940 Natura
2238 2870 2547 2960 quidem,

396 3008 530 3058 non
571 2990 833 3081 iniqu0,
879 3013 1105 3082 neque
1145 2991 1615 3062 inverecundo
1656 2992 1914 3075 animo,
1966 2990 2099 3059 nisi
2151 2990 2220 3059 ei·
2257 3011 2553 3061 consue-

399 3111 564 3180 tudo
602 3112 1003 3201 contagiosa
1044 3112 1415 3183 nocuisset.
1462 3111 1947 3182 Adolescentia
1984 3134 2094 3181 me
2144 3112 2402 3196 fefellit,
2446 3112 2553 3181 iu—

398 3240 605 3301 venta
642 3233 999 3325 corripuit,
1048 3243 1326 3303 senecta
1378 3241 1609 3303 autem
1661 3233 1992 3317 correxit,
2045 3233 2555 3325 experimento-

376 3375 532 3443 .que
572 3356 928 3446 perdocuit
967 3377 1213 3426 verum
1257 3353 1453 3437 illud,
1499 3355 1689 3446 quod
1730 3354 1849 3424 diu
1891 3363 2050 3425 ante
2089 3357 2550 3445 perlegeram:

397 3478 720 3562 quoniam
763 3478 1223 3548 adolescentia
1261 3486 1346 3547 et
1370 3478 1694 3569 voluptas
1736 3499 1918 3547 vana
1960 3485 2152 3545 sunt:
2205 3476 2344 3544 imo
2383 3483 2556 3543 aeta-

399 3608 541 3668 tum
586 3609 1113 3691 temporumque
1154 3599 1460 3669 omnium
1502 3599 1846 3679 conditor,
1885 3597 2004 3687 qui
2040 3596 2334 3664 miseros
2370 3616 2557 3664 mor-

399 3722 569 3789 tales
634 3719 721 3789 de
781 3721 993 3790 nihilo
1057 3720 1358 3790 tumidos
1426 3718 1751 3789 aberrare
1819 3716 1981 3786 sinit
2046 3714 2418 3797 interdum,
2477 3725 2555 3785 ut

399 3848 832 3929 peccatorum
863 3862 1149 3910 suorum
1186 3842 1298 3910 vel
1335 3861 1491 3910 sero
1519 3860 1894 3922 memoreS,
1929 3859 2083 3909 sese
2109 3845 2551 3927 cognoscant.

396 3957 662 4049 Corpus
737 3960 996 4042 iuveni,
1067 3982 1204 4029 non
1277 3982 1685 4050 magnarum
1754 3960 2036 4041 virium,
2118 3957 2242 4028 sed
2315 3960 2555 4028 multae

394 4076 833 4149 dexteritatis
868 4080 1244 4169 obtigerat3
1286 4083 1510 4151 forma
1542 4101 1682 4151 non
1717 4079 1971 4169 glorior
2003 4080 2389 4161 excellenti,
2430 4078 2555 4149 sed

394 4219 553 4287 quae
606 4203 878 4290 placere
935 4200 1382 4271 viridioribus
1439 4201 1636 4272 annis
1690 4209 1955 4292 posset:
2008 4202 2233 4271 colore
2282 4199 2549 4278 vivido,

711 4334 743 4371 ι.
2277 4319 2298 4365 1
2375 4322 2376 4325 ’
