3104 4805
512 398 625 461 172
1187 411 1269 458 nn
1311 409 1512 458 iii-:nus
1554 407 1996 457 numillimus

509 556 772 628 ludicre
811 554 1042 648 potius
1083 574 1292 647 quam
1333 551 1661 635 iucunde,
1707 551 1948 622 litteris
1991 551 2127 621 tuis
2170 552 2445 644 utrique
2497 576 2661 626 con-

512 680 791 751 sultum.
835 676 1001 748 Mihi
1041 676 1223 747 enim
1273 675 1683 748 conditionis
1733 694 1911 744 meae
1959 675 2266 745 solamen
2314 675 2661 749 additum:

508 825 645 874 non
683 801 870 894 quod
910 800 978 869 in
1003 788 1361 891 'angustiis
1406 807 1473 869 te
1511 798 1761 869 comite
1802 797 2122 883 delecter,
2178 799 2306 869 sed
2355 800 2544 893 quod
2596 802 2663 871 in

510 949 622 999 me
661 925 1005 1018 indignari
1032 945 1169 994 non
1198 924 1288 995 sit
1320 925 1450 1007 saS,
1481 923 1672 1016 quod
1704 943 2070 992 commune
2105 944 2376 994 mecum
2412 922 2667 996 habeat

510 1060 741 1122 tantus
784 1048 921 1130 vir;
975 1046 1096 1118 tibi
1145 1068 1316 1118 vero
1366 1044 1674 1116 laborem
1723 1045 2197 1117 excusationis
2240 1044 2659 1139 ademptum.

508 1172 657 1243 Nisi
694 1173 877 1244 enim
920 1181 994 1242 tu
1035 1190 1627 1264 praeoccupaSSeS,
1674 1167 1809 1240 iam
1862 1169 2172 1239 calamus
2216 1178 2365 1240 erat
2404 1168 2474 1238 in
2515 1190 2664 1238 ma-

508 1294 746 1380 nibuS,
779 1316 860 1366 ac
886 1316 973 1364 ne
1006 1293 1174 1385 quid
1208 1301 1602 1364 nostrarum
1640 1314 1873 1363 rerum
1908 1291 2345 1363 foeneratoris
2370 1314 2660 1363 avarum

511 1420 719 1490 limen
753 1416 1141 1508 attingeret,
1173 1416 1606 1508 interpellare
1633 1413 2107 1501 decreveram,
2139 1425 2216 1487 ut
2250 1424 2321 1487 tu
2355 1415 2663 1487 necessi-

515 1540 769 1613 tatibus
819 1539 994 1610 meis
1037 1559 1460 1611 occurreres.
1513 1537 1698 1622 Quid
1748 1539 1860 1609 vis
1908 1538 2179 1610 dicam?
2228 1538 2660 1611 Uberrimum

512 1662 968 1761 philosophiae
1035 1664 1292 1747 locum,
1355 1662 2046 1757 copiosissimamque
2106 1663 2465 1735 materiam
2524 1685 2659 1734 non

514 1787 788 1878 ignoro:
816 1784 936 1858 ubi
960 1796 1197 1858 contra
1224 1788 1356 1858 tela
1389 1787 1714 1871 fortunae,
1748 1786 1815 1856 in
1845 1786 2103 1879 quibus
2129 1808 2266 1857 non
2293 1785 2532 1857 ultima
2557 1798 2666 1857 est

513 1920 920 2007 paupertaS,
958 1920 1314 1984 armantur
1348 1910 1589 1994 animi;
1615 1932 1777 2005 quae
1810 1911 1970 1982 licet
2001 1910 2071 1981 in
2106 1909 2366 1981 nostris
2406 1909 2662 1981 finibus

514 2059 651 2108 non
687 2036 969 2121 habitet,
1000 2036 1163 2129 quia
1206 2044 1465 2120 tamen,
1504 2044 1584 2107 ut
1615 2038 1970 2128 eleganter
1994 2034 2091 2106 ait
2115 2036 2426 2120 Flaccus,
2465 2044 2667 2104 curtae

517 2160 733 2229 nescio
774 2158 931 2250 quid
967 2181 1219 2252 semper
1257 2160 1434 2228 abest
1471 2161 1595 2242 rei,
1649 2168 1720 2229 et
1770 2157 1891 2234 hic,
1933 2180 2211 2254 quoque
2262 2159 2481 2230 multa
2530 2178 2668 2227 non

519 2292 787 2354 tantum
828 2281 1061 2365 nobis,
1103 2282 1230 2352 sed
1270 2281 1337 2350 in
1382 2302 1748 2353 commune
1793 2283 2097 2354 salubria
2146 2281 2284 2354 dici
2333 2290 2663 2376 possent,

518 2428 679 2497 quae
721 2404 946 2475 sciens
990 2401 1178 2486 sile0‚
1210 2426 1298 2474 ne
1321 2402 1671 2496 publicum
1711 2426 1966 2497 sequar
2000 2427 2263 2476 morem
2298 2427 2425 2496 pro
2459 2402 2670 2475 rebus

517 2525 733 2598 verba
774 2525 1275 2616 praestantium.
1312 2526 1558 2598 Facilis
1586 2527 1885 2599 amicitia
1910 2538 2044 2614 est,
2075 2550 2200 2620 pro
2226 2528 2442 2621 petito
2470 2526 2673 2598 auxi-

517 2646 605 2717 lio
655 2646 1017 2717 consilium
1069 2646 1257 2718 dare.
1298 2648 1498 2718 Certe
1531 2671 1667 2740 ego
1699 2629 1771 2718 in
1802 2648 1914 2719 his
1948 2649 2259 2733 casibuS,
2300 2651 2420 2742 qui
2480 2649 2670 2719 domi

519 2790 694 2841 meae
732 2768 957 2841 crebri
993 2780 1172 2856 sunt,
1201 2780 1578 2865 essentque
1619 2770 1983 2853 rarissimi,
2028 2769 2163 2840 nisi
2197 2791 2309 2838 me
2339 2768 2438 2839 rei
2471 2769 2671 2839 fami-

516 2892 706 2963 liaris
746 2892 1171 2965 incuriosum
1206 2914 1373 2965 cura
1407 2868 1810 2984 generosior
1843 2891 2215 2973 effecisset,
2253 2911 2412 2960 cum
2456 2890 2670 2960 multa

520 3013 980 3087 remediorum
1020 3038 1279 3108 genera
1313 3017 1426 3087 vel
1461 3016 1609 3109 ipse
1643 3013 1813 3085 mihi
1863 3011 2248 3098 conficiam,
2304 3014 2420 3083 vel
2458 3033 2500 3081 a
2540 3010 2666 3083 do-

518 3139 846 3212 ctioribus
879 3142 1187 3211 confecta
1212 3141 1582 3233 reperiam3
1611 3147 1757 3208 tum
1782 3138 1950 3209 illud
1975 3137 2042 3207 in
2069 3135 2309 3232 primis
2334 3133 2668 3206 efficacis-

522 3263 774 3334 simum
814 3262 1162 3356 experior,
1207 3263 1420 3355 quod,
1460 3261 1616 3333 licet
1649 3260 1875 3333 omnis
1909 3262 2179 3331 fortuna
2214 3246 2382 3330 suas
2416 3256 2672 3330 habeat

520 3383 901 3468 molestias,
947 3383 1175 3476 sitque
1212 3383 1697 3467 verissimum,
1737 3382 1926 3476 quod
1960 3382 2272 3452 veritatis
2308 3380 2675 3473 inquisito-

523 3506 714 3578 ribus
758 3506 989 3578 visum
1028 3514 1166 3591 est,
1213 3527 1489 3578 omnem
1543 3506 1779 3593 vitam,
1831 3504 2039 3577 etiam
2080 3526 2241 3598 quae
2276 3503 2674 3576 felicissima

521 3629 865 3714 videatur,
903 3652 1063 3702 esse
1101 3638 1550 3715 tormentum,
1589 3627 2130 3701 molestissimus
2167 3638 2397 3700 tamen
2432 3636 2505 3698 et
2559 3648 2675 3698 oc-

520 3752 1034 3845 cupatissimus,
1076 3762 1174 3837 et,
1216 3752 1274 3824 si
1301 3753 1712 3846 profundius
1755 3750 2112 3845 inspiciaS,
2159 3773 2325 3822 vere
2368 3748 2676 3821 miserri-

523 3895 680 3944 mus
717 3883 828 3946 est
878 3875 1171 3948 divitum
1222 3886 1467 3948 status.
1523 3876 1775 3947 Contra
1826 3884 2061 3946 autem
2113 3873 2288 3946 dura
2338 3873 2669 3966 quidem,

526 3995 651 4066 sed
693 3997 1034 4069 tutissima
1072 4010 1143 4070 et
1172 3998 1702 4094 expeditissima
1737 4007 1848 4069 est
1879 4005 2277 4094 paupertas:
2314 3994 2674 4068 mediocri-

528 4127 631 4189 tas
671 4117 950 4210 optima,
987 4131 1057 4191 et
1088 4122 1268 4192 inter
1304 4123 1658 4195 rarissima
1689 4123 1813 4193 Dei
1847 4122 2030 4194 dona
2064 4122 2244 4191 hanc
2277 4118 2474 4189 nobis
2511 4139 2674 4189 con-

527 4239 769 4333 tigisse
832 4243 1159 4332 gratulor.
1229 4243 1301 4312 Si
1350 4245 1517 4336 quid
1580 4243 1924 4315 interdum
1982 4240 2207 4326 deest,
2264 4238 2511 4311 accidit
2563 4248 2670 4322 ut,
