3104 4805
576 352 692 410 356
871 422 878 431 Ἴ,
1243 363 1326 410 ΒΕ
1368 363 1569 411 annus
1612 362 2052 413 multamus

578 505 830 577 Istrum
884 516 954 574 et
1001 504 1390 599 Hypanem,
1429 525 1638 596 quam
1683 505 1857 575 inter
1900 503 2107 574 Lirim
2164 515 2236 576 et
2290 506 2732 581 Vulturnum.

577 628 766 698 Illinc
799 625 1090 697 Barbari
1123 647 1378 718 magno
1418 626 1693 718 agmine
1734 625 2132 719 diffugiunt;
2157 627 2296 700 huc
2319 630 2731 726 irrumpunt.

578 752 668 822 At
698 773 851 842 eg0,
883 750 1051 820 dum
1087 750 1398 822 dolorem
1423 750 1634 822 animi
1661 772 1937 843 sequor,
1976 752 2404 846 propositum
2433 755 2735 840 excessi,

575 887 643 945 et
684 874 1038 945 evehebar
1078 872 1384 964 longius,
1439 873 1574 944 nisi
1616 896 1730 945 me
1778 882 2164 966 expectans
2214 885 2286 946 et
2333 876 2581 949 crebro
2630 877 2735 948 in-

580 999 945 1091 terpellans
989 996 1099 1068 hic
1141 995 1424 1068 nuntius
1466 1006 1892 1067 revocasset.
1922 994 2140 1088 Igitur
2170 997 2351 1069 unde
2385 996 2736 1070 discesse-

578 1143 723 1192 ram
779 1129 1111 1191 revertor.
1178 1119 1431 1211 Magno
1483 1138 1696 1209 super
1745 1128 1812 1188 te
1864 1138 2124 1210 pavore
2176 1130 2542 1211 torqueor;
2603 1120 2734 1191 sed

579 1243 747 1314 nihil
773 1243 841 1313 in
868 1266 981 1314 me
1018 1242 1229 1336 (quod
1271 1241 1418 1334 ipse
1458 1240 1797 1335 noverim)
1835 1241 2100 1312 consilii
2142 1253 2276 1326 est,
2321 1242 2488 1313 nihil
2529 1243 2734 1315 auxi-

471 1428 482 1439 ,
579 1367 693 1435 lii:
734 1366 896 1458 quia
938 1376 1167 1435 tamen
1205 1365 1360 1457 plus
1401 1362 1751 1435 interdum
1790 1363 2002 1456 aliqui
2035 1374 2360 1457 possunt,
2402 1386 2613 1458 quam
2657 1388 2736 1437 se

580 1510 789 1582 posse
826 1486 1205 1572 confidunt,
1253 1487 1311 1557 si
1352 1485 1522 1578 quid
1555 1486 1624 1556 in
1666 1509 1777 1558 me
1817 1486 1969 1579 opis
2011 1487 2404 1579 agnoveris,
2434 1488 2585 1560 iure
2615 1500 2733 1561 tuo

583 1623 797 1683 utere.
838 1610 1161 1696 Gratiam,
1205 1612 1445 1694 fateor,
1492 1632 1628 1701 non
1680 1608 2090 1683 mediocrem
2132 1611 2321 1704 apud
2354 1610 2734 1684 Tribunum

585 1733 795 1825 stirpe
834 1733 1101 1818 humili,
1161 1733 1288 1805 sed
1334 1732 1622 1804 excelso
1663 1732 1889 1802 virum
1933 1732 2162 1803 animo
2211 1733 2729 1828 propositoque,

581 1865 651 1927 et
688 1855 871 1948 apud
910 1857 1243 1950 Populum
1268 1856 1654 1924 Romanum
1690 1853 1945 1939 habe0,
1982 1856 2188 1927 nullis
2224 1857 2525 1950 profecto
2559 1856 2735 1928 meis

584 1978 887 2051 meritis:
944 1979 1066 2051 sed
1099 1980 1288 2048 Dens
1330 1976 1497 2048 mihi
1542 1980 1879 2050 malorum
1920 1979 2104 2062 odia,
2149 1978 2489 2051 bonorum
2525 1980 2734 2052 bene-

584 2104 885 2176 volentia
924 2100 1435 2192 compensavit:
1480 2123 1618 2172 non
1661 2101 1847 2194 quod
1886 2104 1994 2172 vel
2030 2100 2162 2173 illis
2204 2102 2575 2185 nocuerim,
2622 2106 2735 2173 vel

586 2227 693 2297 his
719 2223 1113 2319 profuerim
1143 2225 1254 2293 vel
1291 2225 1515 2294 malus
1557 2246 1720 2295 esse
1755 2224 2113 2309 desierim,
2151 2228 2267 2297 vel
2302 2227 2433 2297 sim
2470 2226 2732 2298 bonus:

589 2348 711 2420 sed
762 2347 922 2440 quia
973 2347 1190 2417 malos
1241 2345 1506 2432 odisse,
1561 2346 1781 2422 bonos
1832 2370 2064 2421 amare
2115 2349 2477 2446 disposui;
2526 2360 2599 2422 et
2647 2350 2738 2423 ab

586 2470 851 2540 illorum
897 2469 1099 2539 turba
1147 2470 1239 2542 ad
1290 2471 1538 2541 horum
1591 2472 2005 2567 paucitatem
2059 2494 2249 2567 saepe
2300 2477 2734 2567 transfugere

585 2591 774 2661 volui
816 2591 876 2661 si
914 2590 1154 2662 datum
1188 2604 1403 2679 esset,
1445 2604 1516 2666 et
1557 2598 1715 2667 volo
1756 2596 1815 2666 si
1856 2595 2150 2667 dabitur.
2208 2598 2277 2667 Si
2318 2598 2486 2690 quid
2528 2600 2737 2691 igitur

587 2713 656 2783 in
696 2713 1023 2807 praesenti
1061 2714 1461 2788 discrimine
1504 2717 1689 2811 apud
1730 2720 2058 2810 praefatos
2086 2717 2468 2791 Tribunum
2503 2743 2583 2793 ac
2614 2744 2741 2816 po-

585 2839 823 2931 pulum
859 2837 1194 2930 prodesse
1236 2839 1355 2910 tibi
1402 2839 1804 2910 intercessio
1846 2861 1998 2908 mea
2037 2848 2305 2931 potest;
2358 2862 2550 2924 ecce,
2590 2844 2741 2914 ani-

588 2982 744 3032 mus
786 2971 856 3032 et
892 2963 1199 3035 calamus
1241 2972 1501 3054 praesto
1542 2970 1723 3032 sunt.
1759 2960 1889 3030 Est
1926 2958 2093 3028 mihi
2127 2970 2464 3053 praeterea
2490 2962 2559 3030 in
2586 2965 2736 3032 lon-

590 3083 873 3177 ginquo,
917 3095 989 3157 et
1026 3085 1117 3157 ab
1157 3084 1266 3155 his
1303 3082 1604 3155 motibus
1646 3103 1892 3152 securo
1941 3080 2157 3151 ltaliae
2207 3091 2427 3153 tractu
2479 3082 2729 3156 domus

590 3227 805 3298 parva
843 3209 1167 3301 quidem;
1219 3203 1345 3277 sed
1390 3203 1666 3276 duobus
1705 3225 1917 3274 unum
1958 3205 2265 3276 animum
2317 3204 2732 3277 habentibus

589 3332 774 3401 nulla
832 3332 1079 3403 domus
1132 3337 1430 3419 angusta
1477 3337 1609 3399 est.
1652 3328 1873 3398 Nullae
1912 3327 2097 3398 illam
2150 3327 2510 3401 damnosae
2558 3329 2737 3403 divi-

591 3450 744 3536 tiae,
788 3474 916 3523 nec
954 3460 1352 3547 paupertas,
1394 3473 1522 3523 nec
1571 3451 1944 3547 cupiditaS,
1999 3451 2205 3524 libelli
2258 3463 2491 3525 autem
2541 3453 2742 3526 innu-

591 3574 957 3647 merabiles
1006 3573 1411 3646 inhabitant.
1466 3576 1631 3646 Haec
1671 3575 1878 3647 modo
1918 3597 2045 3647 nos
2087 3586 2436 3671 expectat,
2491 3599 2603 3648 me
2650 3576 2742 3648 ab

590 3698 938 3770 occidente
979 3719 1458 3784 reversurum,
1501 3721 1710 3793 quem
1752 3699 1888 3772 iam
1928 3698 2207 3770 biennio
2248 3700 2555 3772 abfuisse
2581 3720 2743 3771 con-

591 3821 932 3913 queritur;
980 3832 1042 3893 te
1083 3821 1174 3892 ab
1198 3821 1488 3906 oriente,
1536 3822 1597 3893 si
1640 3824 1776 3894 fata
1815 3823 2199 3915 coegerint,
2243 3833 2312 3894 et
2348 3822 2406 3895 si
2447 3823 2738 3906 libuerit,

593 3955 984 4016 venturum.
1038 3944 1219 4029 Quid
1268 3945 1388 4016 tibi
1439 3956 1693 4039 praeter
1743 3944 1893 4017 haec
1945 3946 2258 4030 offeram,
2304 3967 2443 4018 non
2491 3945 2737 4017 haben.

595 4066 855 4135 Domus
888 4078 1145 4152 autem,
1177 4069 1500 4161 adquam
1528 4067 1748 4139 invito
1788 4079 1880 4154 te,
1926 4070 2043 4141 ubi
2081 4071 2197 4155 sit,
2237 4069 2448 4153 nosti;
2489 4069 2557 4138 in
2592 4071 2742 4139 loco

599 4184 857 4254 salubri
889 4197 959 4257 et
1000 4188 1380 4262 terroribus
1415 4212 1640 4262 vacuo
1678 4204 1749 4263 et
1786 4194 1989 4285 pleno
2026 4192 2332 4283 gaudiis,
2379 4202 2449 4261 et
2489 4189 2738 4260 studiis
