3104 4805
627 345 742 439 {338
1297 359 1375 406 DE
1421 358 1618 407 ussus
1665 358 2105 407 raumamssus

629 525 781 573 rum
809 500 1188 572 recordatio
1230 498 1717 594 magnificique
1753 509 1982 584 actus,
2027 511 2098 571 et
2134 502 2322 571 clara
2363 501 2639 571 nomina
2673 502 2775 571 in—

551 704 554 707 ,
626 623 931 697 credibili
998 645 1110 694 me
1161 622 1466 694 afficiunt
1523 633 1733 717 atque
1798 621 2263 695 inaestimabili
2322 623 2772 697 iucunditate:

627 768 789 842 quae
828 746 888 818 si
927 745 1252 818 omnibus
1310 754 1469 817 nota
1515 756 1726 829 esset,
1772 748 2024 819 multos
2075 746 2143 816 in
2180 754 2529 839 stuporem
2571 767 2777 837 coge-

627 886 759 957 ret,
804 871 993 965 quod
1031 871 1123 942 ita
1163 891 1320 941 cum
1364 869 1653 942 mortuis
1702 892 1866 942 esse
1930 870 2160 964 potius
2221 891 2431 962 quam
2454 892 2630 941 ‘cum
2672 870 2779 938 vi-

630 993 953 1067 ventibus
990 993 1313 1065 delecter.
1356 992 1626 1075 Quibus
1667 993 1928 1065 veritas
1970 993 2447 1087 responderet,
2488 991 2638 1062 illos
2672 989 2779 1060 vi-

626 1137 823 1201 vere,
862 1116 980 1207 qui
1020 1137 1175 1186 cum
1215 1113 1472 1186 virtute
1510 1124 1582 1184 et
1622 1113 1838 1207 gloria
1878 1113 2064 1185 diem
2105 1112 2452 1191 obierunt;
2503 1112 2632 1184 hos
2672 1111 2778 1181 in-

632 1250 735 1311 ter
765 1238 1049 1311 delicias
1090 1246 1162 1307 et
1201 1240 1370 1308 falsa
1416 1234 1668 1329 gaudia
1720 1239 2145 1322 exultantes,
2184 1238 2358 1306 luxu
2397 1255 2777 1327 somnoque

630 1361 999 1444 marcidOS,
1069 1360 1233 1431 vino
1297 1381 1585 1452 ἔπινες,
1655 1359 1791 1431 etsi
1859 1359 2101 1431 vivere
2164 1358 2562 1441 videantur,
2617 1377 2778 1428 esse

630 1499 862 1559 tamen
927 1483 1155 1555 adhuc
1215 1481 1494 1575 quidem
1564 1482 1896 1575 spirantia
1962 1481 2089 1554 sed
2137 1481 2466 1554 obscoena
2521 1481 2653 1553 iam
2707 1489 2781 1551 et

631 1607 977 1680 horrenda
1026 1607 1388 1678 cadavera.
1441 1606 1703 1676 Verum
1747 1605 1897 1676 haec
1936 1606 2112 1677 inter
2160 1605 2400 1677 doctos
2450 1615 2519 1675 et
2585 1603 2782 1677 indo-

630 1742 776 1803 ctos
818 1741 1077 1802 aeterna
1117 1730 1200 1800 lis
1253 1738 1558 1811 maneat3
1617 1751 1751 1821 ego
1819 1750 2074 1822 sequar
2123 1729 2491 1823 inceptum.
2545 1725 2779 1798 Habes

630 1876 808 1946 ergo
864 1853 1051 1947 quod
1114 1852 1637 1944 interrogationi
1704 1861 1871 1936 tuae,
1934 1852 2261 1945 quodque
2321 1849 2780 1947 quorumdam

630 1978 751 2070 qui
809 1986 1031 2048 tecum
1085 1986 1249 2047 sunt
1310 1973 1745 2047 admirationi
1809 1974 2016 2046 modo
2074 1995 2488 2067 responsum
2538 1972 2775 2057 velim,

631 2123 756 2172 cur
818 2099 1162 2195 exemplis
1225 2098 1573 2171 abundem
1639 2108 1955 2170 veterum
2023 2098 2419 2180 illustrium;
2470 2096 2658 2190 quod
2710 2109 2781 2169 et

633 2224 784 2295 aliis
827 2225 1183 2317 profutura
1226 2243 1458 2316 spero,
1503 2234 1576 2294 et
1615 2221 1784 2292 mihi
1823 2221 2144 2294 scribenti
2188 2244 2270 2293 ac
2310 2221 2564 2313 legenti
2625 2243 2782 2316 pro—

633 2347 847 2420 fuisse
876 2345 1270 2430 admodum,
1300 2354 1489 2416 certe
1518 2345 1681 2418 scio.
1710 2345 2085 2440 DeincepS,
2122 2344 2448 2439 quoniam
2490 2344 2660 2416 nibil
2692 2343 2783 2415 ab

635 2491 772 2541 uno
812 2469 1110 2555 homine,
1149 2468 1339 2563 quod
1369 2468 1694 2541 omnibus
1727 2468 2127 2541 hominibus
2169 2471 2435 2562 placeat
2472 2467 2619 2539 fieri
2662 2489 2780 2562 po-

633 2603 792 2676 test,
860 2591 1195 2663 mirentur
1260 2591 1789 2688 improbentque
1845 2592 1902 2663 si
1954 2592 2139 2663 libet.
2197 2593 2402 2663 Certe
2465 2614 2626 2684 ego,
2680 2614 2781 2662 ne

635 2724 913 2809 propter
977 2714 1276 2785 alienum
1332 2738 1649 2786 murmur
1715 2699 2172 2787 intermisisse
2223 2715 2469 2787 videar
2520 2735 2779 2786 morem

634 2859 886 2922 meum,
941 2837 1247 2910 inserere
1296 2838 1458 2910 huic
1507 2838 1713 2911 etiam
1767 2839 2079 2933 epistolae
2144 2838 2402 2932 aliquot
2461 2839 2783 2929 exempla

636 2981 770 3031 non
784 2961 1117 3047 desinam,
1132 2971 1204 3032 et
1226 2961 1395 3055 quid
1419 2965 1738 3058 exempla
1749 2962 2018 3055 possint
2041 2962 2381 3056 exemplis
2394 2961 2778 3033 ostendam.

634 3084 891 3154 Omnes
939 3084 1058 3178 qui
1108 3093 1269 3155 ante
1318 3083 1609 3156 Marium
1662 3107 1701 3155 a
1752 3083 2037 3155 medicis
2075 3083 2489 3156 secabantur
2538 3083 2783 3154 vinciri

635 3227 788 3277 mos
828 3208 1079 3289 fuerat3
1130 3207 1293 3299 quia
1341 3205 1524 3279 enim
1575 3206 1882 3279 dolorem
1938 3208 2244 3302 corporis
2287 3205 2495 3279 animi
2536 3205 2782 3278 robore

637 3330 952 3422 superari
986 3351 1122 3400 non
1165 3351 1374 3423 posse
1413 3352 1831 3424 persuasum
1880 3342 2059 3415 erat,
2115 3331 2547 3403 vinculorum
2584 3326 2784 3402 auxi-

637 3452 726 3523 lio
777 3452 1167 3523 utebantur.
1219 3453 1492 3525 Primus
1543 3453 1808 3526 Marius
1860 3457 2130 3526 solutus
2184 3465 2416 3527 sectus
2455 3462 2590 3534 est;
2658 3448 2785 3521 sed

638 3584 797 3668 post
831 3596 993 3645 eum
1028 3575 1322 3670 plurimi.
1353 3577 1516 3661 Cur,
1546 3580 1837 3670 quaeso‘?
1870 3577 2003 3649 nisi
2028 3578 2190 3670 quia
2225 3578 2625 3672 exemplum
2653 3573 2782 3646 viri

635 3696 1176 3769 constantissimi
1216 3708 1427 3791 atque
1475 3699 1832 3771 fortissimi
1894 3699 1983 3771 ad
2041 3699 2447 3771 imitandum
2514 3696 2785 3769 animos

637 3818 890 3903 erexit,
933 3828 1005 3889 et
1042 3818 1143 3913 (ut
1181 3821 1651 3914 compatriotae
1681 3822 1789 3893 sui
1817 3819 2033 3893 verbo
2077 3819 2255 3916 utar)
2294 3821 2511 3891 valuit
2552 3829 2788 3892 aucto-

638 3939 828 4012 ritas.
871 3943 1061 4014 Bello
1093 3942 1339 4015 Latino
1371 3944 1622 4014 Decius
1663 3945 1904 4017 consul
1948 3966 2025 4015 se
2065 3943 2291 4038 ipsum
2344 3965 2470 4040 pro
2502 3940 2789 4036 legioni—

641 4059 798 4146 buS,
836 4073 908 4135 et
945 4087 1070 4156 pro
1110 4066 1342 4161 populi
1381 4067 1671 4138 Romani
1710 4067 2000 4140 victoria
2041 4067 2348 4139 devovit.
2419 4069 2556 4139 Res
2597 4066 2789 4138 dictu

639 4203 847 4273 quam
887 4188 1295 4259 executione
1336 4188 1612 4272 facilior,
1659 4202 1903 4285 sponte
1955 4203 2071 4265 tua
2105 4202 2395 4263 mortem
2431 4199 2774 4284 oppetere,
