3104 4805
916 407 1101 455 Lmen
1145 405 1467 454 sar-rmus.
1491 403 1901 452 -umsrom
1942 404 2004 451 11.
2417 386 2536 449 363

373 549 878 621 verisimilibus
919 553 1333 623 coniecturis
1372 572 1740 643 assequor,
1781 546 2214 640 septuaginta
2252 546 2369 615 vel
2406 543 2541 615 cir-

374 673 557 743 citer
612 694 950 743 annorum
1016 674 1314 767 spatium
1380 671 1794 743 intercessit.
1848 666 2158 759 Longius
2223 665 2538 749 ferebam

380 795 515 866 sed
553 795 833 867 nuntius
876 803 1039 866 tuus
1085 796 1413 867 scribenti
1455 796 1791 879 imminet,
1827 803 1898 863 et
1939 790 2258 881 singulos
2299 789 2538 859 calami

380 925 649 990 tractus
714 930 924 1002 notat,
967 922 1413 1012 morulasque
1476 919 1744 990 medias
1812 914 2120 996 metitur,
2175 920 2248 982 et
2295 910 2542 982 crebro

376 1041 640 1111 ostium
681 1044 1073 1135 coelumque
1112 1043 1496 1135 respiciens
1533 1041 1857 1136 suspirat.
1893 1039 2256 1116 Misereor,
2294 1056 2546 1127 exper-

379 1174 504 1235 tus
544 1164 712 1256 quid
761 1175 873 1236 est
910 1165 1304 1258 expectatio
1345 1163 1741 1259 properanti
1791 1163 2065 1243 animo;
2116 1168 2189 1231 et
2226 1165 2387 1229 ante
2426 1157 2548 1235 de·

379 1285 717 1358 stinatum
758 1309 968 1379 cogor
1005 1296 1081 1359 ut
1118 1288 1345 1361 dicam
1376 1314 1390 1357 ε
1437 1287 1895 1360 humilitatem
1936 1306 2112 1356 ama.
2149 1283 2339 1355 Vale.

760 1452 768 1485 1

1235 1773 1439 1838 EPIST
1448 1773 1593 1839 OLA
1635 1773 1721 1837 ΠΙ.

711 1969 1095 2019 FRANCISCUS
1139 1968 1476 2017 PETRARCA
1519 1966 1791 2015 SOCRATI
1838 1967 1956 2015 SUO
2002 1966 2053 2014 S.
2099 1968 2154 2015 P.
2198 1965 2256 2012 D.

537 2154 616 2209 De
642 2156 902 2210 thesauro
928 2172 1097 2227 quem
1124 2172 1183 2209 se
1212 2155 1485 2209 invenisse
1522 2171 1623 2227 per
1661 2154 1938 2210 somnium
1973 2153 2076 2208 sibi
2114 2154 2262 2208 visus
2299 2157 2411 2220 cst,

893 2250 949 2299 et
975 2245 1043 2299 de
1069 2244 1383 2299 divitiarum
1412 2243 1657 2314 periculo
1685 2247 1739 2297 et
1766 2242 2056 2297 molestiis

587 2495 950 2563 Hesternae
1015 2491 1238 2590 noctis
1303 2491 1649 2562 somnium
1700 2493 1994 2562 referam
2047 2490 2185 2562 tibi.
2248 2490 2554 2573 Videbar

397 2616 588 2699 mihi,
634 2616 973 2686 incertum
1014 2615 1226 2697 unde,
1272 2612 1438 2683 nihil
1464 2613 1668 2721 ‘enim
1710 2616 1848 2686 tale
1887 2617 1996 2685 vel
2048 2612 2355 2707 cogitare
2396 2637 2559 2686 sum>

394 2737 638 2809 solitus
700 2739 813 2807 ve!
881 2738 1100 2832 loqui,
1170 2737 1485 2823 videbar,
1556 2737 1870 2830 inquam,
1939 2737 2011 2808 in
2074 2739 2298 2829 agello
2363 2758 2547 2822 me0,

392 2883 604 2955 quem
646 2859 736 2931 ad
775 2860 1032 2932 sontem
1085 2861 1349 2953 Sorgiae
1403 2859 1661 2946 habe0,
1715 2861 2120 2932 thesaurum
2169 2860 2549 2944 invenisse,
2600 2932 2604 2936 ἢ

391 2992 692 3055 monetae
744 2993 1173 3076 pervetustae
1227 3005 1460 3055 aureae
1509 3006 1648 3054 non
1703 2982 2125 3054 mediocrem
2176 2983 2550 3053 cumulum.

393 3106 543 3176 Una
607 3106 1081 3201 spatiabamur
1134 3105 1289 3189 soli,
1345 3115 1423 3177 ut
1469 3114 1710 3176 noster
1772 3114 1883 3177 est
1950 3127 2123 3176 mos.
2178 3106 2275 3174 Te
2321 3104 2554 3194 itaque

391 3229 751 3298 confestim
792 3248 1128 3310 evocanS‚
1174 3226 1393 3318 digito
1437 3249 1584 3298 rem
1631 3226 1967 3317 designo:
2012 3225 2285 3308 ambOS,
2329 3234 2408 3294 ut
2445 3222 2549 3302 fit,

398 3348 728 3439 gaudium
774 3358 1153 3442 stuporque
1199 3346 1564 3419 defixerat.
1617 3347 1787 3418 Mihi
1849 3346 2131 3439 quidem
2202 3355 2278 3416 ut
2334 3368 2552 3430 eram,

401 3468 677 3539 memini
727 3469 944 3553 enim,
990 3469 1399 3540 occurrebat
1447 3468 1615 3538 illud
1664 3466 1958 3538 Annaei:
2027 3497 2058 3532 «
2124 3466 2332 3537 Vitate
2380 3491 2558 3558 quoe-

402 3611 673 3680 cumque
705 3595 900 3683 vulqo
938 3593 1230 3684 placent,
1266 3613 1410 3680 quae
1445 3591 1671 3660 tribuit
1712 3611 1896 3660 casus
1924 3615 1944 3672 ,·
1978 3587 2065 3660 ad
2096 3612 2285 3659 omne
2318 3593 2560 3681 [ortui-

406 3724 542 3782 tum
584 3713 822 3784 bonum
859 3712 1200 3805 suspiciosi
1255 3723 1315 3780 et
1357 3710 1594 3807 pavidi
1645 3713 2013 3794 subsistite,·
2066 3724 2128 3783 et
2161 3715 2308 3802 fera
2345 3723 2408 3783 et
2446 3715 2557 3806 pa·-

399 3837 522 3918 scis
560 3857 671 3928 spe
712 3836 935 3925 aliqua
973 3835 1328 3905 oblectante
1377 3834 1720 3929 decipitur.
1777 3833 2059 3905 Mune-ra
2099 3836 2227 3906 ista
2271 3839 2555 3925 fortunae

402 3981 545 4048 quoe
586 3961 862 4054 putatis,
916 3957 1172 4030 insidiae
1232 3971 1405 4030 sunt.
1462 3988 1490 4024 n
1538 3961 1636 4030 De
1676 3960 1807 4032 hoc
1842 3982 2012 4053 ergo
2057 3962 2549 4046 consultantes,

405 4103 779 4178 parumper
836 4081 1340 4165 haesitavimus,
1395 4083 1535 4155 laeti
1588 4082 1998 4179 trepidique.
2051 4083 2235 4168 Quid
2297 4087 2554 4160 multa?

403 4206 674 4280 Ultimae
725 4205 1013 4277 insaniae
1067 4206 1290 4278 visum
1347 4216 1490 4292 est,
1544 4205 1733 4301 quod
1785 4228 1909 4301 per
1951 4218 2175 4282 terras
2212 4230 2294 4280 ac
2334 4208 2550 4280 maria
