3104 4805
516 403 554 460 4
710 449 715 454 .
1193 407 1499 456 Emsrom
1545 409 1628 455 AD
1675 408 2015 457 rosrssnos.

518 558 685 629 mihi
730 575 1000 648 semper
1049 562 1222 624 aetas
1264 554 1398 622 ista
1443 552 1819 644 displicuit,
1867 563 1942 621 ut
1993 554 2128 621 nisi
2181 574 2292 622 me
2333 575 2532 624 amor
2572 579 2690 626 ca-

518 702 753 751 rorum
795 678 865 747 in
904 676 1264 747 diversum
1310 675 1636 756 traheret,
1682 674 1989 765 qualibet
2031 682 2242 744 aetate
2282 685 2490 747 natus
2532 700 2691 748 esse
2755 769 2758 774 μ
2819 707 2824 710 Ἴ

521 822 794 892 semper
846 797 1260 890 optaverim,
1305 807 1374 865 et
1424 795 1604 864 hanc
1653 794 1999 879 oblivisci,
2046 795 2245 892 nisus
2300 798 2528 868 animo
2578 820 2688 868 me

521 925 671 994 aliis
716 942 987 1012 semper
1026 920 1351 989 inserere.
1398 916 1760 986 Historicis
1802 915 2034 1006 itaque
2074 899 2464 986 delectatus'
2502 941 2688 1003 sum,

522 1068 658 1116 non
707 1045 937 1113 minus
1004 1050 1233 1111 tamen
1296 1037 1602 1108 offensus
1666 1059 1907 1107 eorum
1975 1037 2354 1118 discordia;
2409 1049 2691 1110 secutus

523 1166 592 1234 in
626 1163 838 1234 dubio
879 1184 1018 1254 quo
1060 1183 1170 1230 me
1210 1160 1320 1228 vel
1365 1157 1896 1229 verisimilitudo
1940 1183 2190 1244 rerum,
2230 1163 2342 1231 vel
2386 1162 2692 1231 scriben-

525 1285 695 1354 tium
724 1284 937 1354 traxit
962 1281 1356 1353 auctoritas.
1387 1281 1700 1372 Eloquio,
1719 1292 1796 1350 ut
1821 1282 2106 1373 quidam
2131 1282 2475 1366 dixerunt,
2505 1285 2691 1353 claro

525 1428 605 1475 ac
644 1404 933 1497 potenti;
972 1414 1049 1473 ut
1087 1402 1253 1471 mihi
1297 1402 1529 1471 visum
1564 1411 1696 1485 est,
1733 1404 1959 1492 fragili
1992 1413 2063 1472 et
2101 1403 2428 1474 obscuro:
2466 1427 2692 1496 neque

526 1549 694 1596 vero
735 1527 803 1594 in
844 1524 1190 1611 communi
1234 1544 1556 1593 sermone
1595 1547 1757 1595 cum
1798 1525 2035 1595 amicis
2080 1535 2201 1596 aut
2238 1526 2688 1596 familiaribus

525 1646 937 1738 eloquentiae
980 1668 1286 1737 unquam
1327 1668 1498 1715 cura
1540 1667 1650 1714 me
1692 1645 1948 1735 attigit3
1992 1647 2350 1747 mirorque·
2378 1669 2529 1716 eam
2570 1669 2693 1717 cu-

530 1790 679 1838 ram
746 1767 1146 1859 Augustum
1214 1768 1563 1838 Caesarem
1633 1768 2000 1859 accepisse.
2076 1768 2205 1838 Ubi
2279 1780 2510 1841 autem
2577 1791 2690 1840 res

530 1892 682 1983 ipsa
715 1892 829 1962 vel
863 1893 1056 1961 locus
1086 1891 1198 1962 vel
1232 1889 1505 1961 auditor
1540 1889 1736 1960 aliter
1772 1911 2056 1981 poscere
2089 1890 2292 1961 visus
2326 1902 2460 1976 est,
2491 1895 2694 1986 paulo

532 2015 819 2086 annisus
866 2037 1050 2097 sum,
1098 2015 1306 2104 idque
1349 2037 1560 2105 quam
1600 2015 1966 2084 efficaciter
2005 2014 2274 2096 nescim
2316 2039 2557 2086 eorum
2602 2017 2692 2087 sit

533 2136 859 2206 iudicium
901 2157 1132 2206 coram
1165 2134 1422 2223 quibus
1458 2134 1630 2203 dixi.
1669 2137 1840 2224 EgO,
1879 2137 2086 2207 modo
2119 2136 2295 2205 bene
2328 2137 2688 2220 vixissem,

530 2259 824 2349 qualiter
857 2256 1199 2326 dixissem
1236 2254 1432 2345 parvi
1474 2258 1788 2325 facerem.
1833 2233 2141 2328 Ventosa
2176 2256 2392 2347 gloria
2433 2267 2567 2340 est,
2607 2258 2696 2327 de

535 2381 681 2451 solo
722 2377 1093 2451 verborum
1138 2377 1504 2467 splendore
1543 2379 1797 2448 famam
1840 2402 2176 2472 quaerere.
2218 2381 2517 2471 Tempus
2554 2401 2697 2449 me-

532 2523 689 2569 cum
759 2501 857 2568 sic
923 2501 1034 2569 vel
1101 2502 1374 2569 fort-una
1439 2503 1551 2570 vel
1618 2505 1941 2574 voluntas
2008 2525 2160 2573 mea
2224 2525 2407 2571 nunc
2474 2525 2698 2597 usque

534 2621 782 2711 partita
815 2629 944 2691 est.
981 2621 1288 2690 Primum
1325 2622 1515 2692 illum
1554 2624 1719 2694 vitae
1757 2647 2031 2706 annum,
2072 2645 2293 2712 neque
2329 2623 2692 2712 integrum,

534 2741 749 2811 Aretii
788 2743 924 2833 egi,
971 2744 1093 2813 ubi
1136 2744 1203 2812 in
1247 2746 1465 2815 lucem
1515 2754 1764 2815 natura
1815 2768 1924 2813 me
1964 2742 2368 2832 protuleram
2414 2763 2542 2809 sex
2585 2763 2696 2810 se-

534 2873 826 2957 quentes
862 2865 1139 2936 Ancisae
1182 2877 1467 2957 paterno
1506 2868 1576 2933 in
1620 2886 1779 2933 rure
1823 2883 2035 2951 supra
2068 2859 2479 2927 Florentiam
2521 2881 2696 2949 qua-

538 2987 915 3056 tuordecim
945 3010 1285 3078 passuum
1304 2985 1625 3054 millibus.
1644 2984 1990 3050 Revocata
2019 2977 2110 3047 ab
2123 2978 2331 3047 exilio
2349 2979 2691 3067 genitrice,

535 3118 858 3180 octavum
892 3109 1094 3188 Pisis,
1136 3127 1388 3175 nonum
1428 3124 1508 3170 ac
1541 3101 1862 3191 deinceps
1905 3100 1975 3167 in
2000 3099 2219 3168 Gallia
2248 3100 2700 3192 Transalpina

537 3231 627 3297 ad
668 3232 918 3296 laevam
958 3225 1276 3293 Rhodani
1313 3224 1563 3313 ripam3
1602 3220 1852 3291 Avinio
1893 3221 2049 3290 urbi
2089 3243 2370 3305 nornen,
2408 3220 2528 3291 uhi
2562 3223 2700 3292 Ro—

536 3369 785 3416 manus
825 3345 1141 3416 Pontifex
1184 3344 1365 3435 turpi
1408 3344 1478 3412 in
1515 3342 1727 3411 exilio
1770 3343 2024 3413 Christi
2081 3352 2264 3414 tenet
2302 3343 2696 3429 ecclesiam,

535 3481 604 3539 et
646 3468 861 3538 tenuit
900 3465 1052 3547 diu3
1094 3466 1251 3535 licet
1290 3476 1446 3534 ante
1498 3486 1757 3555 paucos
1801 3487 2018 3535 annos
2072 3465 2395 3535 Urbanus
2436 3466 2495 3533 V
2549 3488 2700 3535 eam

538 3590 910 3661 reduxisse
950 3588 1303 3658 videretur
1345 3588 1415 3656 in
1460 3609 1658 3656 suam
1706 3587 1961 3657 sedem.
2010 3588 2146 3657 Sed
2187 3609 2325 3673 reS,
2370 3598 2448 3656 ut
2488 3596 2699 3680 patet,

537 3713 605 3780 in
649 3713 935 3781 nihilum
979 3709 1205 3790 rediit,
1251 3709 1431 3801 ips0,
1479 3708 1668 3799 quod
1711 3710 1998 3798 gravius
2052 3712 2226 3792 fero,
2285 3720 2445 3777 tunc
2494 3710 2701 3777 etiam

542 3830 940 3919 superstite,
983 3839 1055 3898 et
1100 3829 1299 3920 quasi
1352 3829 1513 3899 honi
1565 3830 1792 3920 operis
1846 3830 2236 3921 poenitente.
2282 3829 2413 3911 Qui
2458 3829 2515 3897 si
2558 3848 2704 3896 mo—

542 3947 772 4016 dicum
827 3952 983 4037 plus
1036 3950 1366 4033 vixisset,
1422 3950 1611 4020 haud
1662 3949 1870 4019 dubie
1923 3952 2261 4021 sensisset
2318 3947 2484 4042 quid
2536 3945 2699 4014 mihi

540 4067 629 4135 de
669 4068 821 4135 eius
863 4066 1051 4138 abitu
1093 4070 1465 4141 videretur.
1512 4072 1655 4139 Iam
1696 4073 2004 4142 calamus
2047 4080 2196 4141 erat
2237 4072 2305 4138 in
2347 4066 2699 4148 manibus;

544 4189 666 4259 sed
720 4188 866 4278 ipse
925 4193 1281 4262 confestim
1335 4192 1713 4281 gloriosum
1780 4193 2186 4283 principium
2254 4191 2480 4281 ipsum
2539 4211 2695 4258 cum
