3104 4805
924 395 1105 443 mnssn
1150 395 1882 446 ceruus—emmens&
1930 401 2028 447 vu.
2270 369 2276 378 ⁹
2399 394 2518 452 439

375 558 566 627 pone.
605 537 752 606 Erit
784 536 1033 628 aliquis
1076 534 1542 625 indignantior
1576 546 1852 619 natura,
1890 539 2007 628 qui
2044 555 2326 616 moestos
2370 546 2517 638 api-

371 679 490 728 ces
529 678 822 752 perosus
862 657 1138 728 abiiciat
1185 667 1306 729 aut
1354 659 1710 727 conculcet
1758 679 1916 727 cum
1968 658 2280 733 irrisione
2331 688 2517 738 mor-

369 779 543 850 daci.
594 777 744 860 Abi,
801 777 1088 869 inquiet,
1145 778 1210 846 in
1284 779 1536 847 malum
1601 777 1835 859 sidus3
1888 800 1976 849 an
2030 779 2088 849 si
2146 790 2213 849 tu
2277 788 2514 857 mulie-

367 900 580 971 briter
645 899 875 970 victus
925 920 1029 981 es,
1086 920 1216 970 nos
1282 902 1524 970 saltem
1591 901 1782 972 viros
1846 922 2009 972 esse
2073 923 2212 972 non
2279 903 2516 977 sines?

370 1021 635 1091 Cuncta
710 1016 1111 1111 praesentiO,
1180 1019 1412 1111 nilque
1483 1041 1593 1090 me
1660 1022 1938 1106 horum,
2010 1024 2248 1106 frater,
2328 1026 2514 1097 fallit.

367 1142 522 1213 Scio
585 1140 718 1209 viri
778 1161 964 1224 esse,
1020 1140 1317 1234 primum
1379 1141 1659 1234 quidem
1729 1143 2035 1213 dolorem
2090 1146 2514 1236 propellere,

368 1263 758 1354 proximum
796 1262 1232 1352 extinguere,
1274 1265 1548 1336 tertium
1590 1264 1966 1349 moderari,
2007 1266 2322 1337 ultimum
2357 1267 2521 1338 abs-

364 1384 680 1457 condere.
732 1383 867 1455 Sed
910 1382 1075 1475 quid
1117 1386 1370 1475 agam?
1409 1385 1696 1468 Moriar,
1744 1385 1875 1456 nisi
1916 1387 2228 1459 dolorem
2281 1388 2351 1457 in
2394 1389 2518 1460 sse-

368 1517 511 1577 tum
554 1529 633 1576 ac
676 1505 892 1575 verba
933 1507 1322 1600 profudero.
1367 1508 1541 1578 Illud
1585 1529 1695 1578 me
1747 1484 2037 1592 solatur,
2081 1511 2272 1600 quod
2315 1511 2521 1603 quid-

363 1628 531 1717 quid
566 1627 925 1718 scripsero,
958 1628 1163 1697 molle
1191 1629 1515 1719 quamvis
1550 1650 1634 1700 30
1659 1629 2012 1713 frivolum,
2042 1653 2202 1700 cum
2236 1632 2326 1702 ad
2362 1643 2515 1704 tuas

368 1747 660 1831 venerit,
693 1769 828 1818 non
856 1749 944 1820 ad
979 1750 1241 1820 alienas
1268 1749 1705 1843 pervenisse,
1739 1751 1865 1822 sed
1899 1751 1986 1822 ad
2022 1751 2335 1845 proprias
2373 1776 2516 1824 ma-

365 1892 497 1941 nus
550 1892 741 1942 meas
793 1871 1084 1942 rediisse
1146 1871 1516 1943 videbitur.
1584 1872 2045 1956 Quamobrem
2099 1893 2236 1943 non
2287 1875 2513 1965 magis

362 1993 770 2064 erubescam
820 1993 991 2065 dum
1044 1994 1196 2064 haec
1237 2016 1276 2064 a
1321 2005 1385 2064 te
1428 1996 1778 2084 legentur,
1822 2014 2067 2085 quam,
2109 1995 2276 2064 dum
2318 2017 2359 2064 3
2403 2018 2514 2065 me

367 2114 855 2197 scriberentur,
900 2114 1170 2185 erubui.
1207 2115 1347 2184 Nec
1388 2135 1497 2185 me
1537 2124 1768 2185 tamen
1805 2114 2177 2185 erubuisse
2212 2137 2521 2206 negave-

361 2237 528 2318 rim3
581 2237 770 2307 sensi
822 2235 1006 2307 enim
1057 2236 1363 2306 animum
1418 2257 1500 2306 30
1551 2235 1814 2318 stilum,
1869 2256 2178 2307 excusso
2230 2236 2514 2308 rationis

358 2359 582 2453 ¹sren0,
635 2369 837 2430 extra
886 2357 1306 2430 destinatum
1359 2357 1493 2428 iter
1543 2355 1905 2430 affectibus
1958 2356 2238 2429 iunctim
2295 2358 2513 2440 trahi;

359 2504 499 2572 quo
534 2481 697 2550 nihil
736 2481 1096 2551 molestius
1131 2480 1272 2572 pati
1307 2500 1619 2574 possum.
1649 2480 1726 2550 ld
1752 2478 2000 2572 pudori
2037 2501 2188 2550 meo
2223 2480 2511 2569 gravius

358 2600 670 2686 insultat,
711 2600 898 2694 quod
933 2601 1067 2671 iam
1104 2622 1329 2672 annus
1364 2601 1656 2691 integer,
1696 2599 1975 2692 iamque
2007 2599 2294 2670 alterius
2331 2599 2512 2671 bona

364 2744 527 2814 pars
564 2721 760 2807 abiit,
790 2745 884 2793 ex
908 2743 1047 2813 quo
1076 2721 1245 2792 nihil
1278 2721 1430 2792 viro
1465 2722 1786 2813 dignum,
1819 2743 1957 2793 non
1990 2722 2217 2794 dicam
2252 2725 2508 2806 facere,

366 2845 491 2917 sed
533 2867 618 2916 ne
658 2844 846 2937 loqui
886 2844 1165 2936 quidem
1205 2843 1519 2936 contigit,
1570 2853 1843 2915 tonante
1897 2843 2201 2935 undique
2253 2865 2332 2915 ac
2384 2844 2513 2913 sul-

357 2967 662 3039 minante
703 2967 1024 3039 ferociter
1063 2968 1357 3037 fortuna.
1414 2967 1567 3048 Qua
1618 2966 1688 3034 in
1741 2985 1815 3035 re
1867 2965 2172 3055 benigno
2225 2965 2358 3036 sub
2411 2966 2514 3034 iu-

354 3089 506 3161 dice'
548 3092 783 3160 forsan
822 3109 1154 3171 excuser,
1202 3087 1263 3156 si
1297 3086 1386 3157 ad
1421 3107 1724 3156 examen
1776 3085 2076 3166 venerit,
2131 3085 2300 3154 illud
2338 3104 2516 3174 quo-

356 3230 494 3297 que
535 3229 672 3277 non
722 3211 878 3276 leve
928 3205 1219 3297 aliquid,
1277 3205 1402 3274 sed
1456 3206 1894 3275 millesimum
1946 3202 2513 3275 trecentesimum

356 3324 974 3417 quadragesimum
1039 3331 1363 3392 octavum
1431 3334 1656 3393 sextae
1705 3322 1932 3392 aetatis
1998 3342 2256 3391 annum
2323 3344 2511 3405 esse,

361 3466 563 3537 quem
609 3447 839 3535 13300,
883 3443 1003 3535 qui
1056 3463 1191 3513 non
1245 3444 1466 3513 solum
1518 3463 1649 3513 305
1700 3442 1941 3512 amicis
1996 3443 2122 3513 sed
2174 3442 2511 3513 mundum

359 3587 633 3638 omnem
675 3564 1000 3656 gentibus
1050 3563 1391 3658 spoliavit.
1445 3564 1570 3653 Cui
1615 3564 1671 3634 si
1715 3563 1883 3655 quid
1916 3563 2162 3648 defuit,
2210 3586 2513 3656 sequens

357 3708 520 3757 0000
584 3706 810 3755 33335
864 3685 1047 3757 111135
1110 3684 1441 3778 reliquias
1509 3683 1824 3768 demetit,
1879 3693 1953 3755 et
2012 3683 2351 3777 quidquid
2415 3686 2509 3756 illi

355 3810 675 3902 procellae
703 3812 1155 3901 superfuerat,
1176 3811 1526 3880 mortifera
1541 3809 1714 3880 falce
1738 3808 2204 3902 prosequitur.
2218 3807 2513 3889 Quando

355 3932 487 4001 hoc
529 3932 897 4022 posteritas
947 3932 1185 4004 credet
1224 3931 1440 4003 fuisse
1485 3942 1789 4024 tempuS,
1837 3930 1989 4002 sine
2037 3933 2193 4004 coeli
2230 3943 2350 4002 aut
2389 3934 2513 4002 tel-

354 4054 524 4123 luris
578 4053 918 4136 incendio,
992 4053 1138 4123 sine
1189 4050 1383 4123 bellis
1435 4064 1555 4125 aut
1604 4052 1736 4125 alia
1787 4053 1982 4125 clade
2030 4053 2319 4141 visibili,
2372 4077 2513 4147 quo

354 4198 487 4246 non
525 4177 675 4248 haeo
708 4197 872 4269 pars
914 4185 1034 4246 aut
1074 4175 1186 4248 illa
1224 4185 1592 4260 terrarum,
1635 4176 1757 4248 sed
1800 4177 2174 4251 universus
2215 4181 2360 4249 fere
2399 4201 2510 4248 or-
