3104 4805
880 358 1063 405 unna
1105 357 1793 405 sumus—nmsrom
1847 359 1929 406 ιιι.
2358 344 2475 404 333

329 519 532 579 extra
591 515 1029 601 prospectum
1097 506 1366 578 dilectae
1432 507 1636 578 Urbis
1702 507 1982 579 amovit.
2035 508 2217 592 Quid
2270 512 2481 601 ergo?

332 629 544 701 Tibur
591 638 707 700 tuo
760 628 956 700 senili
1005 629 1158 700 ocio
1197 628 1601 724 deputatum
1652 641 1789 714 est,
1845 630 2344 722 provisumque
2394 652 2482 701 ne

331 754 580 846 fugias.
623 756 850 835 DoleS‚
894 762 965 822 et
1001 774 1134 823 non
1177 752 1404 845 potius
1439 756 1585 824 Deo
1627 754 1889 845 gratias
1925 752 2101 845 agis,
2141 755 2260 845 qui
2293 764 2361 825 te
2387 764 2483 827 tot

335 875 780 947 terrestribus
847 875 1345 967 maritimisque
1395 876 1739 968 periculis,
1800 883 2032 967 totque
2073 885 2211 945 tam
2263 876 2485 966 longis

335 998 759 1069 anfractibus
801 1009 1143 1092 ereptum,
1188 1000 1309 1067 hac
1342 997 1602 1068 demum
1651 1000 1860 1069 voluit
1911 1000 2259 1069 consistere
2294 1010 2486 1083 terra,

340 1131 410 1192 ut
459 1123 555 1194 ait
602 1122 818 1203 Mar03
869 1121 990 1191 ubi
1044 1121 1303 1192 scilicet
1343 1122 1597 1193 animae
1639 1122 1841 1193 simul
1893 1132 1967 1193 et
2013 1123 2321 1215 corporis
2372 1123 2494 1192 ali-

337 1254 564 1316 menta
626 1267 764 1315 non
827 1245 1103 1316 desint‘?
1170 1245 1355 1317 Libri
1422 1246 1550 1332 tui,
1621 1250 1851 1319 fervor
1906 1259 2090 1330 tuuS‚
2136 1247 2493 1339 ingenium

339 1378 557 1451 tuum,
587 1377 657 1438 et
682 1368 1032 1460 purissimi
1066 1369 1249 1440 aeris
1278 1377 1349 1440 et
1381 1367 1958 1441 nitidissimarum
1986 1370 2254 1462 species
2281 1390 2496 1461 aqua—

338 1514 520 1577 rum,
566 1501 637 1562 et
677 1492 1157 1584 pulcherrimae
1213 1492 1476 1563 telluris
1526 1494 1894 1565 amoenitas
1959 1494 2276 1564 tetricum
2343 1493 2499 1564 licet

336 1624 407 1684 et
446 1624 792 1706 agrestem
830 1615 1134 1684 animum
1176 1617 1480 1687 mulcere
1512 1623 1807 1708 queunt3
1847 1615 1967 1686 ubi
2009 1636 2283 1710 semper
2315 1615 2499 1687 adsit

338 1736 582 1830 patriae
623 1735 971 1831 perdulcis
1014 1748 1364 1830 aspectuS‚
1411 1737 1791 1809 amicorum
1829 1737 2183 1809 moderata
2223 1738 2498 1831 propin-

339 1860 597 1952 quitas,
645 1856 985 1930 submotis
1026 1859 1280 1946 taediis,
1325 1860 1618 1932 absente
1660 1861 1964 1945 fastidio,
2007 1881 2170 1953 quae
2213 1859 2332 1929 tibi
2383 1862 2500 1931 vel

341 1983 702 2051 immensae
738 1981 928 2052 urbis
968 1983 1322 2077 strepituS,
1350 1985 1466 2054 vel
1500 1983 1683 2074 iugis
1712 1986 2008 2055 sortasse
2032 1994 2144 2054 'tot
2178 1992 2495 2055 notorum

342 2104 778 2174 conversatio
846 2104 1252 2199 peperisset.
1321 2108 1580 2177 Fruere
1645 2104 1845 2177 bonis
1915 2106 2048 2176 tuis
2118 2114 2491 2198 gratanter,

340 2224 841 2320 aequanimiter,
882 2227 1184 2325 pacifice.
1222 2229 1469 2300 Melius
1509 2228 1628 2299 tibi
1662 2228 1910 2301 accidit
1933 2251 2141 2321 quam
2170 2227 2498 2320 putabas;

338 2353 871 2426 commodiorem
943 2362 1085 2424 toto
1154 2352 1325 2424 orbe
1387 2352 1613 2423 locum
1692 2350 2135 2445 nequivisses
2207 2351 2492 2442 eligere,

340 2496 548 2567 quam
588 2498 797 2567 quem
841 2486 957 2546 tua
999 2474 1118 2546 tibi
1164 2494 1318 2546 sors
1359 2474 1625 2547 obtulit.
1672 2474 1810 2546 Sed
1850 2474 2168 2558 instabis,
2212 2482 2313 2557 et,
2361 2473 2499 2543 Cur

338 2619 504 2681 non,
551 2598 851 2691 inquies,
899 2600 1048 2670 sine
1083 2598 1214 2671 bac
1254 2598 1560 2692 corporis
1612 2598 1901 2670 iniuria?
1952 2597 2159 2668 Iubes
2211 2617 2499 2691 respon-

338 2720 508 2791 dere
548 2721 737 2814 quod
777 2722 1029 2793 sentio:
1073 2719 1366 2792 Animus
1404 2732 1564 2793 tuus
1600 2720 1897 2793 vinculis
1934 2719 2206 2812 egebat.
2247 2720 2325 2792 Id
2358 2741 2498 2790 non

338 2845 429 2917 ad
464 2830 836 2931 infamiam]
877 2846 998 2917 sed
1035 2844 1106 2915 in
1141 2855 1404 2939 partem
1439 2843 1669 2917 laudis
1706 2844 2004 2938 accipias
2040 2866 2305 2936 precor.
2345 2844 2497 2926 Quo

337 2971 521 3041 enim
561 2972 845 3044 fertilior
874 2981 984 3044 est
1011 2994 1207 3063 ager,
1247 2993 1330 3042 eo
1365 2970 1679 3063 pluribus
1715 2968 2025 3040 abundat
2054 2989 2498 3060 compescen-

337 3093 445 3164 dis
488 3094 1088 3189 extirpandisque,
1135 3104 1212 3163 ut
1252 3114 1461 3185 seges
1504 3090 1733 3162 utilior
1774 3092 2135 3162 coalescat.
2179 3092 2269 3160 Et
2309 3108 2500 3179 saepe

337 3237 477 3308 quo
517 3217 921 3307 generosior
960 3227 1169 3307 atque
1209 3214 1531 3295 validior,
1578 3235 1662 3284 eo
1703 3213 1994 3284 ferocior
2026 3221 2140 3283 est
2170 3231 2396 3302 equus
2429 3216 2500 3279 et

339 3336 799 3408 tenacioribus
834 3337 1131 3407 vinculis
1167 3358 1406 3427 egens.
1442 3338 1663 3407 Esses
1700 3356 1912 3421 nunc,
1953 3344 2030 3405 ut
2061 3352 2389 3424 auguror,
2429 3330 2499 3401 in

340 3458 569 3551 aliquo
611 3456 850 3528 mundi
891 3460 1176 3547 angulo:
1219 3459 1357 3528 iam
1394 3458 1652 3542 Nilum,
1703 3438 1835 3529 iam
1878 3456 2150 3541 Indum,
2197 3457 2332 3526 iam
2369 3456 2498 3528 Ta-

340 3579 522 3651 naim
552 3588 1061 3650 transnatares:
1100 3580 1233 3649 iam
1259 3579 1639 3672 Rhiphaeos
1677 3592 1976 3664 montes,
2019 3590 2141 3651 aut
2176 3578 2499 3674 Hercynii

343 3705 559 3774 saltus
587 3703 868 3773 dumeta
894 3701 1444 3785 transcendereS,
1480 3724 1711 3794 vagus
1750 3724 2022 3796 semper
2055 3713 2127 3773 et
2161 3703 2496 3797 profugus

343 3844 552 3917 super
594 3830 871 3896 terram.
916 3822 1227 3894 Occurrit
1261 3822 1484 3918 pietas
1537 3823 1745 3908 illius,
1798 3825 1921 3918 qui
1975 3826 2164 3897 solus
2217 3822 2496 3896 morbos

342 3955 619 4018 nostros
675 3958 746 4019 et
795 3948 1192 4019 morborum
1243 3956 1641 4020 nostrorum
1685 3949 2192 4021 medicamenta
2240 3970 2496 4041 cogno-

346 4069 497 4154 scit,
541 4092 678 4141 non
720 4070 977 4143 idcirco
1019 4070 1248 4141 minus
1291 4070 1508 4155 utilia,
1555 4071 1879 4165 quoniam
1925 4071 2264 4143 amariora
2311 4080 2491 4142 sunt.

344 4194 460 4265 llla
513 4193 734 4285 magis
787 4195 1083 4285 ingenua
1134 4193 1351 4266 videri
1419 4205 1676 4288 potest,
1745 4206 1816 4267 et
1879 4196 2306 4267 humanitate
2374 4205 2491 4263 tua
