3104 4805
900 403 1085 451 Lmen
1128 402 1864 461 QUARTUS.—EPISTOLA
1907 405 2010 451 xu.
2410 389 2528 451 225

381 549 604 633 laetuS,
641 547 1100 641 episcopalem
1137 546 1428 639 gradum
1464 546 1825 639 insigniter
1859 546 2294 632 honestabat3
2323 557 2531 643 atque

379 672 688 744 altiorem
728 694 868 743 non
908 671 1116 743 modo
1158 692 1296 741 non
1336 670 1622 765 optabat
1659 690 2063 753 ascensum,
2101 670 2269 763 quin
2302 651 2530 764 potius

379 794 853 868 detestabatur
901 804 1111 888 atquc
1161 794 1431 878 oderat,
1485 804 1558 864 et
1608 795 1797 864 velut
1846 792 2201 886 praecipitii
2261 795 2527 881 sedem,

379 919 547 990 illud
576 941 926 1013 supremae
958 921 1251 990 sortunae
1286 915 1641 1008 fastigium
1677 913 2150 1010 perhorrebat.
2189 916 2399 987 Cuius
2437 919 2534 988 rei

378 1066 535 1114 cum
604 1042 813 1114 totius
862 1041 1031 1113 vitae
1080 1050 1278 1113 tenor
1327 1050 1539 1133 atque
1590 1060 1771 1111 unus
1807 1033 2096 1133 'semper
2148 1037 2534 1111 secretioris

383 1174 616 1237 textus
657 1166 933 1259 eloquii,
978 1164 1049 1235 in
1088 1185 1227 1257 quo
1267 1166 1528 1236 celsum
1572 1165 1762 1234 illum
1797 1184 1877 1234 ac
1911 1164 2355 1255 tranquillum
2390 1162 2537 1234 ani-

382 1311 570 1359 mum
612 1287 1054 1370 videbamus;
1100 1297 1244 1359 tum
1284 1288 1636 1383 praecipue
1677 1287 1876 1358 testis
1909 1295 2019 1358 est
2058 1286 2420 1380 gravitatis
2456 1308 2537 1359 ac

379 1410 742 1482 modestiae
780 1421 1358 1505 contemptusque
1402 1420 1826 1482 terrenarum
1872 1432 2102 1482 rerum
2144 1412 2348 1506 plena
2389 1410 2537 1505 epi-

379 1536 584 1617 stola,
629 1556 838 1628 quam
879 1556 1087 1604 manu
1127 1535 1407 1629 propria
1447 1531 1851 1604 novissimis
1889 1535 2050 1612 yitae
2087 1556 2237 1606 suae
2271 1521 2536 1629 tempo-

377 1656 571 1729 ribus
628 1656 717 1728 ad
770 1668 835 1727 te
886 1657 1184 1750 scripsit,
1240 1679 1591 1750 quamque
1637 1654 1803 1727 dum
1856 1659 2121 1749 relege,
2177 1679 2531 1750 nunquam

380 1779 528 1850 sine
567 1777 886 1849 iucundis
927 1779 1225 1850 lacrimis
1261 1779 1454 1849 facio.
1498 1779 1629 1849 Est
1667 1777 1851 1848 enim
1893 1778 2079 1872 apud
2129 1801 2269 1863 me,
2323 1801 2529 1871 quem

379 1900 560 1972 illius
600 1909 670 1972 et
709 1899 1025 1971 custodia
1062 1910 1134 1973 et
1173 1921 1513 1994 responso
1555 1900 1846 1993 dignum
1896 1901 2252 1974 credidisti
2284 1928 2299 1971 :
2351 1926 2534 1974 nunc

377 2024 584 2096 etiam
649 2032 721 2094 et
784 2034 1204 2118 praesentem
1262 2034 1603 2117 spectare,
1655 2034 1726 2095 et
1774 2024 1979 2097 vivas
2030 2047 2240 2097 voces
2291 2024 2532 2096 audire

379 2146 543 2217 mihi
594 2145 864 2231 videor,
931 2169 1059 2218 nec
1124 2167 1544 2240 magnopere
1613 2149 1788 2219 ullas
1838 2151 2191 2242 requirere
2233 2148 2534 2244 philoso-

378 2269 672 2362 phorum
717 2267 1030 2353 scholas;
1076 2279 1215 2340 tam
1256 2270 1456 2362 plene
1495 2268 1590 2340 ihi
1632 2270 2071 2363 paucissimis
2122 2270 2360 2342 verbis
2411 2270 2535 2342 ab-

379 2393 588 2464 solvit
624 2413 784 2487 quae
824 2393 916 2465 ad
958 2368 1398 2465 sobrietatem
1449 2393 1795 2488 pertinent
1844 2405 1915 2465 et
1962 2394 2052 2467 ad
2101 2393 2375 2467 beatam
2426 2395 2538 2468 vi-

381 2526 541 2588 tam.
592 2515 820 2611 Atque
872 2517 1051 2589 inter
1099 2527 1347 2590 caetera
1410 2516 1700 2613 (mirum
1752 2517 1999 2612 dictu),
2066 2541 2227 2589 cum
2292 2519 2382 2591 de
2449 2540 2533 2590 eo

377 2640 744 2712 attollendo
795 2640 999 2712 altius
1051 2639 1333 2713 assidue
1383 2652 1729 2732 ageretur,
1775 2641 2300 2733 religiosissimo
2351 2642 2534 2713 iure-

379 2763 669 2835 iurando
709 2762 1141 2856 interposito,
1187 2764 1481 2835 affirmat
1522 2786 1598 2835 se
1643 2786 1854 2859 supra
1893 2787 2100 2858 quam
2144 2765 2330 2837 credi
2371 2766 2536 2857 pos-'

372 2896 478 2957 set
539 2887 751 2959 rebus
817 2887 964 2958 suis
1014 2909 1174 2959 esse
1224 2897 1651 2973 contentum,
1707 2911 1835 2959 nec
1888 2890 2026 2959 ullo
2073 2899 2279 2983 pacto
2329 2888 2533 2960 altius

373 3031 848 3098 ascensurum,
890 3021 961 3081 et
1000 3011 1070 3081 in
1109 3033 1250 3105 quo
1287 3022 1446 3083 tunc
1479 3021 1631 3083 erat
1666 3021 1849 3083 statu
1884 3012 2057 3083 mori
2094 3034 2170 3084 se
2203 3034 2340 3085 non
2375 3034 2534 3105 spe-

377 3155 528 3205 rare
569 3143 857 3218 tantum,
905 3135 1032 3206 sed
1070 3145 1326 3228 optare.
1371 3133 1826 3206 Ascendisset
1859 3144 2089 3206 autem
2126 3136 2238 3207 vel
2272 3134 2531 3206 invitus

376 3277 514 3345 quo
552 3278 710 3326 eum
754 3266 824 3327 et
866 3256 1226 3349 sanguinis
1269 3257 1543 3328 claritas
1577 3265 1648 3328 et
1682 3258 1929 3327 merita
1966 3256 2359 3341 trahebant,
2397 3255 2533 3325 nisi

376 3376 555 3462 olim,
585 3399 743 3470 quae
771 3356 1038 3450 mentes
1074 3378 1434 3451 curialium
1464 3378 1803 3474 possidet,
1832 3380 2216 3451 obstitisset
2239 3377 2531 3458 invidia3

374 3508 444 3570 et
507 3523 706 3586 nunc,
758 3511 1128 3597 postquam
1178 3523 1264 3573 ea
1315 3502 1448 3573 iam
1501 3502 1744 3594 gloriae
1785 3525 1865 3575 ac
1909 3503 2146 3575 virtuti
2187 3513 2528 3585 cesserat,

376 3622 871 3696 virentissimae
893 3625 1272 3697 iuventutis
1298 3628 1602 3710 cursum,
1638 3624 1869 3697 medio
1895 3627 2083 3710 calle,
2114 3645 2302 3696 mors
2327 3624 2535 3698 obvia

372 3747 867 3837 praevertisset.
914 3747 1051 3819 Sed
1091 3747 1181 3820 ad
1222 3746 1533 3818 ordinem
1579 3756 1911 3819 revertor.
1955 3749 2206 3820 Factus
2247 3748 2534 3842 Episco-

369 3889 524 3960 puS,
566 3870 918 3942 commissi
961 3869 1270 3942 muneris
1310 3869 1833 3942 exactissimam
1868 3893 2106 3943 curam
2145 3870 2432 3956 habenS,
2466 3882 2532 3941 te

369 3993 880 4086 quamprimum
909 3994 1160 4080 relictO,
1199 3994 1290 4067 ad
1325 3993 1561 4065 sedem
1592 3993 1937 4087 propriam
1966 3994 2355 4067 maturavit.
2391 3996 2533 4066 Nec

367 4132 527 4183 eum
572 4123 760 4186 tanta
811 4140 1043 4189 rerum
1098 4119 1546 4212 locorumque
1596 4119 1884 4191 mutatio
1932 4120 2291 4191 exterruit.
2347 4122 2532 4192 Inter

368 4255 691 4309 romanas
733 4261 902 4334 opes
939 4263 1020 4313 ac
1053 4240 1336 4314 delicias
1367 4240 1736 4329 enutrit.uS,
1777 4240 1866 4316 ad
1897 4244 2268 4338 Pyronaeos
2313 4245 2529 4316 saltus

684 4371 719 4409 ι.
2223 4366 2282 4414 15
