3104 4805
948 414 1134 463 unna
1178 413 1893 463 'rannus-smmum
1938 416 1977 464 1.
2056 341 2095 380 θ
2425 405 2535 466 137

377 562 728 642 vicinitas;
803 559 861 629 si
919 558 1010 630 ad
1060 558 1396 629 orientem
1450 558 1583 630 sita
1633 569 1851 644 esset,
1908 561 2081 631 forte
2129 582 2264 632 non
2314 564 2540 654 magis

378 686 644 781 Thylen
709 703 917 774 quam
996 680 1453 776 Taprobanen
1502 681 1870 753 curaturis.
1938 682 2108 752 Cum
2173 704 2342 754 vero
2390 686 2541 756 Bri-

377 807 682 878 tanniam
722 813 794 876 et
831 803 1257 888 Hiberniam,
1295 803 1725 897 cunctasque
1774 805 2079 877 Orcadas
2124 805 2191 874 in
2224 806 2541 878 occiden-

378 930 494 1003 tali
535 930 811 1001 Oceano
852 927 942 999 ad
983 927 1399 1020 aquilonem,
1454 928 1663 1021 inque
1701 926 1949 998 eodem
1988 929 2403 1001 Fortunatas
2437 931 2542 1001 in-

380 1056 573 1128 sulas
622 1053 714 1125 ad
760 1050 1130 1136 Austrum,
1192 1051 1444 1145 partim
1493 1074 1661 1136 usu,
1714 1052 1968 1144 partim
2019 1052 2307 1124 assiduo
2356 1076 2543 1126 com-

381 1177 754 1251 meantium
799 1175 1214 1260 testimonio,
1262 1196 1399 1247 non
1441 1174 1640 1245 aliter
1675 1197 1848 1269 pene
1885 1196 2096 1269 quam
2137 1176 2357 1268 ipsam
2410 1177 2541 1247 Ita-

382 1302 544 1373 liam
593 1310 716 1373 aut
761 1298 1017 1371 Gallias
1057 1319 1542 1382 nosceremus;
1584 1297 2119 1393 circumspicere
2167 1298 2542 1392 mirarique

382 1425 736 1518 coepimus,
754 1423 1246 1517 aliquantoque
1275 1420 1749 1516 scrupulosius
1779 1422 2146 1514 inquirere,
2166 1421 2386 1493 sicubi
2415 1445 2544 1493 un-

386 1545 495 1617 dis
522 1543 1270 1637 emergeretcelebrata
1285 1545 1437 1617 haec
1462 1544 1769 1616 omnium
1797 1545 2043 1618 litteris
2071 1546 2314 1629 insula,
2331 1567 2541 1637 quam

384 1671 455 1740 in
492 1678 733 1740 nostro
773 1669 1049 1740 Oceano
1097 1677 1169 1738 et
1215 1667 1661 1760 antiquorum
1711 1668 1963 1739 locavit
2013 1669 2418 1752 auctoritas,
2473 1679 2544 1740 et

382 1815 566 1863 nunc
603 1793 808 1862 etiam
849 1791 1280 1861 orientalium
1321 1793 1757 1885 populorum,
1803 1812 1885 1862 ac
1925 1791 2137 1862 totius
2164 1790 2353 1862 orbis
2379 1812 2544 1862 con·-

384 1914 614 1986 firmat
674 1915 923 2010 opinio.
994 1913 1176 1997 Quid
1240 1916 1503 1991 multa?
1551 1916 1805 1987 Evenit
1852 1914 2043 1996 huic,
2101 1913 2290 2007 quod
2352 1935 2540 2008 saepe

386 2039 588 2111 claris
623 2037 796 2113 viris
823 2036 1100 2108 accidit:
1142 2046 1220 2107 ut
1259 2037 1516 2130 ubique
1560 2037 1723 2122 sint,
1768 2060 1978 2132 quam
2019 2038 2090 2107 in
2129 2038 2374 2131 patria,
2419 2059 2545 2108 no-

384 2163 613 2234 tiores.
655 2163 1068 2232 Percontare
1109 2161 1483 2233 occidentis
1524 2163 1830 2233 accolas:
1871 2160 2127 2232 indocti
2170 2160 2397 2255 ipsum
2440 2160 2545 2229 in-

384 2288 557 2358 sulae
618 2306 873 2358 nomen
923 2286 1266 2376 ignorant:
1322 2285 1635 2355 litteratis
1685 2284 1924 2377 utique
1974 2285 2237 2355 clarum
2290 2306 2544 2355 nomen

383 2410 629 2482 insulae
662 2420 798 2493 est,
843 2410 1072 2481 insula
1105 2430 1275 2481 vero
1316 2429 1456 2479 non
1490 2409 1723 2480 minus
1765 2409 2024 2500 ignota,
2059 2430 2271 2502 quam
2305 2411 2540 2500 vulgo.

384 2533 553 2603 Mihi
576 2532 855 2625 quidem
880 2532 970 2603 de
996 2531 1127 2603 hac
1154 2554 1229 2603 re
1253 2554 1410 2604 cum
1429 2532 1763 2604 Riccardo
1788 2531 2137 2625 quondam
2160 2531 2543 2623 Anglorum

386 2657 573 2748 regis
615 2654 1054 2738 cancellario,
1101 2677 1333 2725 sermo
1365 2677 1505 2726 non
1530 2654 1810 2727 ociosus
1850 2655 2002 2742 fuit,
2044 2656 2199 2725 viro
2232 2653 2543 2725 ardentis

383 2778 639 2871 ingenii
704 2799 831 2848 nec
893 2776 1275 2848 litterarum
1327 2778 1577 2850 inscio:
1629 2787 1701 2848 et
1747 2778 1892 2872 qui,
1947 2786 2025 2849 ut
2075 2778 2144 2847 in
2191 2776 2546 2847 Britannia

385 2902 659 2993 genitus
701 2909 910 2994 atque
951 2899 1315 2985 educatuS,
1374 2899 1907 2994 abditarumque
1956 2922 2189 2971 rerum
2239 2898 2331 3001 ab
2379 2898 2546 2973 ado-

383 3026 713 3096 lescentia
755 3045 967 3119 supra
1009 3022 1221 3096 fidem
1254 3024 1601 3109 curiosuS,
1640 3024 1895 3096 talibus
1928 3021 2320 3118 praesertim
2352 3042 2545 3115 quae-

389 3147 749 3220 stiunculis
801 3146 1190 3219 enodandis
1242 3147 1647 3240 aptissimus
1698 3148 2076 3220 videretur.
2122 3148 2238 3218 Ille
2278 3156 2538 3232 autem,

387 3291 512 3342 seu
576 3272 742 3363 quia
804 3270 905 3341 sic
965 3280 1301 3363 speraret,
1358 3292 1483 3342 seu
1534 3271 1698 3365 quia
1747 3271 2040 3365 puderet
2087 3270 2544 3363 ignorantiam

385 3392 587 3464 fateri
631 3393 772 3486 (qui
801 3414 953 3465 mos
979 3393 1186 3465 hodie
1226 3396 1601 3466 multorum
1635 3405 1774 3479 est,
1811 3396 1930 3487 qui
1963 3416 2102 3466 non
2135 3394 2541 3482 intelligunt,

388 3524 645 3608 quanta
685 3515 1050 3588 modestiae
1090 3516 1244 3588 laus
1289 3517 1377 3588 sit
1408 3516 1670 3588 homini
1712 3527 1875 3587 nato
1909 3539 2037 3587 nec
2069 3536 2283 3587 nosse
2317 3514 2547 3585 omnia

387 3639 669 3723 valenti,
714 3638 1021 3733 profiteri
1063 3639 1389 3731 ingenue,
1422 3659 1501 3710 se
1526 3637 1800 3710 nescire
1838 3638 2028 3730 quod
2061 3632 2379 3727 nesciat),
2420 3656 2547 3705 seu

386 3761 587 3845 forte,
642 3763 833 3854 quod
880 3785 1021 3834 non
1072 3763 1415 3856 suspicor,
1471 3761 1636 3854 quia
1684 3758 1895 3831 huius
1937 3757 2108 3829 mihi
2150 3757 2385 3827 arcani
2425 3779 2550 3829 no-

389 3884 611 3954 titiam
653 3884 1026 3973 invideret,
1072 3886 1455 3980 respondit,
1499 3892 1687 3956 certe
1730 3902 1805 3953 se
1847 3881 2178 3954 dubietati
2219 3900 2396 3951 meae
2437 3901 2549 3953 sa-

385 4009 853 4093 tisfacturum,
900 4008 1025 4081 sed
1067 4033 1203 4082 non
1242 4009 1690 4103 priusquam
1732 4005 1823 4078 ad
1863 4005 2077 4077 libros
2129 4025 2316 4090 suoS,
2376 4027 2550 4098 quo—

389 4154 545 4202 rum
586 4153 796 4203 nemo
834 4131 1181 4225 copiosior
1229 4132 1383 4218 fuit,
1439 4132 1509 4201 in
1562 4130 1852 4225 patriam
1903 4127 2331 4200 revertisset.
2384 4128 2554 4198 Erat

389 4254 571 4326 enim
612 4253 784 4327 dum
836 4255 907 4326 in
958 4254 1326 4327 amicitiam
1375 4254 1531 4329 eius
1581 4253 1811 4341 incidi,
1868 4250 2244 4327 tractandis
2293 4247 2550 4321 ‘domini
