3104 4805
614 345 739 406 45‘1)
1286 359 1366 405 DE
1411 357 1612 405 nssssns
1657 356 2097 405 FAMILIARIBUS

614 501 793 568 illius
838 500 997 568 boni
1041 500 1171 568 viri
1215 510 1539 581 mortem,
1579 521 1702 590 pro
1736 498 1934 568 cuius
1982 498 2234 568 ultione
2275 501 2572 593 populus
2614 503 2781 572 Flo-

614 622 924 690 rentinus
970 620 1059 691 ad
1101 642 1291 690 arma
1333 642 1799 709 consurgenS,
1846 623 2060 690 multa
2111 621 2244 688 iam
2288 621 2357 689 in
2400 623 2533 692 illis
2578 647 2781 694 mon-

612 742 798 813 tibus
839 752 1067 813 castra
1107 741 1513 811 combussit.
1561 742 1801 832 ltaque
1839 740 2048 810 devio
2092 742 2392 832 quodam
2442 755 2514 813 et
2566 746 2777 814 silve-

614 866 733 935 stri
801 866 973 935 calle
1041 866 1388 955 profectus
1457 885 1634 932 sum.
1687 863 1831 943 Dic,
1889 884 2044 951 ago,
2103 862 2410 955 inquam,
2481 865 2613 934 viri
2679 888 2770 935 an

610 988 921 1056 virorum
964 995 1256 1054 mortem
1310 987 1716 1054 memoras?
1767 984 1892 1052 Hic
1939 984 2158 1066 enim,
2213 995 2284 1054 et-
2335 987 2770 1056 sacerdotem

611 1110 797 1179 illum
826 1109 1041 1198 digito
1071 1107 1375 1197 signavi,
1406 1108 1640 1197 plures
1677 1114 1911 1175 narrat
1943 1106 2232 1176 occisos.
2263 1107 2534 1177 Minime
2567 1131 2763 1189 vero,

611 1231 861 1322 inquit:
906 1251 1088 1299 unus
1126 1231 1431 1321 profecto
1469 1229 1660 1296 solus
1695 1227 2046 1297 occubuit:
2087 1229 2328 1319 reliqui
2367 1243 2767 1300 evaseruut.

609 1353 698 1421 Et
731 1374 889 1421 cum
923 1352 1258 1420 intentum
1298 1372 1408 1419 me
1444 1359 1652 1440 atque
1692 1350 1977 1420 anxium
2016 1350 2315 1434 videret,
2355 1352 2628 1422 adiecit:
2669 1353 2767 1423 de

610 1475 677 1542 in
723 1474 852 1542 hac
901 1495 976 1542 re
1028 1483 1283 1567 praeter
1333 1494 1545 1542 voces
1599 1471 1830 1564 populi
1884 1470 2047 1539 nihil
2103 1470 2344 1543 habe0.
2400 1475 2538 1543 Illic
2582 1473 2768 1542 euim

608 1594 915 1664 omnium
968 1595 1221 1664 civium
1273 1604 1649 1678 conventu,
1707 1594 1994 1663 nonnisi
2046 1595 2133 1664 de
2187 1595 2390 1665 unius
2434 1618 2601 1666 nece
2644 1619 2770 1666 au—

609 1713 891 1783 diuntur
918 1714 1422 1804 indignationes
1451 1714 1805 1783 hominum
1837 1736 1916 1784 ac
1942 1717 2264 1806 querelae.
2293 1716 2634 1788 Credibile
2660 1730 2771 1788 est

609 1846 867 1919 autem,
899 1836 1112 1927 quod,
1154 1836 1210 1905 si
1252 1837 1489 1929 plures
1524 1845 1792 1916 essent,
1822 1836 1912 1904 de
1948 1836 2260 1926 pluribus
2300 1839 2768 1928 loquerentur.

607 1957 869 2026 Placuit
905 1957 1326 2040 coniectura,
1376 1957 1501 2026 sed
1541 1956 1706 2047 quia
1744 1955 1909 2024 nihil
1952 1957 2119 2026 certi
2162 1956 2521 2043 afferebat,
2579 1982 2770 2031 sere-

608 2100 779 2148 nare
812 2079 1119 2149 animum
1159 2081 1590 2168 frontemque
1618 2099 1751 2147 non
1791 2076 2032 2169 potuit,
2064 2089 2136 2148 et
2167 2082 2443 2171 qualem
2480 2083 2775 2152 iuvene-

609 2211 716 2269 rat
755 2201 1037 2272 dimisit.

804 2323 971 2393 Haec
1022 2323 1316 2414 singula,
1363 2324 1599 2408 frater,
1649 2333 1782 2394 tam
1830 2327 2231 2417 scrupulose
2264 2341 2647 2417 exsequor,
2695 2337 2775 2394 ut

607 2443 1111 2536 particulariter
1138 2445 1510 2535 intelligaS‚
1543 2446 1730 2537 quod
1758 2447 1825 2515 in
1858 2469 2128 2517 summa
2159 2448 2335 2517 scire
2374 2460 2438 2517 te
2472 2468 2611 2516 non
2639 2447 2775 2518 du-

606 2562 775 2646 bito,
840 2565 1147 2655 pessime
1214 2565 1380 2634 mihi
1434 2589 1622 2651 esse,
1695 2569 2194 2639 alternantibus
2261 2570 2371 2639 his
2437 2591 2770 2640 curarum

608 2684 960 2768 fluctibuS,
1007 2694 1077 2754 et
1125 2687 1437 2775 fragilem
1485 2689 1632 2779 spei
1673 2691 1995 2783 cymbam
2033 2692 2162 2761 bac
2195 2691 2347 2764 illac
2380 2700 2558 2760 aestu
2595 2691 2773 2761 reci-

605 2815 931 2893 procante
967 2805 1401 2874 iactantibus,
1441 2806 1726 2878 Accedit
1758 2812 1847 2880 ad
1881 2832 2345 2881 {erumnarum
2392 2814 2765 2894 cumulum,

607 2925 797 3014 quod
836 2925 1002 2994 dum
1044 2948 1412 2997 numerare
1455 2927 1607 2998 dies
1651 2931 1928 3023 incipio,
1975 2935 2160 3024 quod
2205 2934 2476 3003 curiose
2510 2934 2775 3003 faciunt

610 3057 953 3129 amantes,
1023 3047 1237 3116 miror
1288 3057 1358 3118 et
1411 3061 1656 3143 stupco
1706 3054 1872 3144 quid
1925 3067 2034 3124 cst
2069 3056 2286 3146 ,quod
2348 3056 2436 3125 ad
2496 3053 2768 3122 litteras

606 3190 803 3237 meas
848 3167 1181 3252 Tarvisii,
1229 3169 1388 3239 inde
1428 3173 1721 3257 Patavii,
1770 3196 1936 3244 mox
1976 3151 2276 3246 Veronae
2317 3177 2534 3257 datas
2578 3186 2772 3258 tanto

606 3290 807 3381 lapsu
852 3292 1179 3382 temporis
1216 3290 1307 3360 nil
1351 3293 1632 3363 omnino
1668 3296 2144 3389 rescripseris,
2187 3298 2570 3388 praesertim
2608 3319 2770 3366 cum

607 3389 732 3501 per
776 3409 953 3480 fidos
999 3412 1286 3481 nuncios
1331 3415 1571 3484 missae
1611 3425 1682 3484 et
1721 3417 1811 3486 de
1854 3417 2065 3489 rebus
2119 3443 2256 3490 non
2309 3419 2543 3512 parvis
2599 3420 2774 3490 scri-

608 3539 746 3621 ptae
797 3542 1056 3600 essent.
1126 3533 1376 3604 Nescio
1427 3536 1593 3626 quid
1645 3560 1828 3606 nunc
1877 3539 2044 3608 mihi
2096 3563 2301 3611 novae
2354 3541 2774 3634 suspicionis

605 3651 932 3721 oboritur.
979 3652 1206 3724 Audio
1247 3655 1461 3739 enim,
1506 3667 1774 3748 pestem
1821 3659 2006 3730 illam
2043 3662 2202 3731 anni
2240 3662 2550 3744 alteriuS,
2607 3684 2776 3753 quae

606 3772 1039 3844 abscessisse
1109 3776 1479 3847 videbatur
1544 3802 1639 3848 ex
1714 3782 2024 3870 integro,
2104 3806 2353 3853 rursus
2420 3784 2777 3854 invasisse

605 3894 917 3965 Rhodani
953 3896 1173 3988 ripaS‚
1215 3921 1254 3967 a
1283 3899 1539 3988 quibus
1577 3902 1833 3972 utinam
1874 3902 2185 3974 abesses.
2227 3907 2363 3975 Sed
2400 3904 2569 3996 quid
2605 3926 2768 3994 agO,

606 4014 844 4086 infelix
872 4020 906 4085 ⁸?
945 4017 1051 4087 An
1094 4041 1231 4088 non
1276 4020 1443 4090 satis
1486 4022 1653 4090 mihi
1695 4046 1863 4094 vera
1900 4037 1969 4095 et
2002 4028 2372 4119 praesentia
2407 4029 2588 4096 mala
2626 4029 2778 4096 suf-

607 4131 871 4219 ficiant,
917 4141 1052 4209 nisi
1096 4154 1165 4211 et
1207 4142 1365 4213 ficto
1399 4154 1468 4213 et
1505 4148 1734 4216 futuro
1770 4148 2054 4241 insuper
2091 4149 2302 4219 miser
2337 4147 2496 4219 fiam
2525 4151 2560 4216 ἵ)
2594 4149 2776 4216 Ver-
