3104 4805
919 419 1103 467 Lmen
1148 419 1433 477 omni-us.
1458 439 1537 452 -—-
1563 423 1868 473 EPISTOLA
1910 425 1990 472 lv.
2418 407 2532 471 261

389 564 749 647 calentem,
797 561 1002 635 hodie
1043 555 1325 637 demum
1370 565 1513 636 voti
1556 575 1939 659 compotem
1995 565 2144 637 feci.
2186 564 2346 638 Vidi
2387 566 2537 638 loca

389 707 430 755 a
453 684 765 776 Virgilio,
799 696 896 774 et,
928 688 1113 780 quod
1139 688 1448 761 maxime
1474 689 1778 772 mireriS,
1807 686 1899 760 'ab
1924 689 2222 759 Homero
2249 690 2539 760 multum

386 820 544 880 ante
585 809 955 904 descripta.
999 812 1122 881 Vir
1161 812 1412 883 Graius
1457 810 1987 906 antiquissimus
2029 821 2235 903 atque
2285 812 2541 883 doctis-

389 928 633 1014 simuS,
686 942 756 1003 et
804 933 972 1003 nulli
1026 935 1374 1006 secundus
1410 933 1704 1026 ingenio,
1750 933 2096 1025 insignem
2145 943 2218 1004 et
2267 936 2540 1025 qualem

387 1073 501 1124 res
544 1053 885 1146 exigebat
917 1058 1143 1128 locum
1194 1049 1538 1149 nusquam
1591 1056 1974 1141 invenienS,
2020 1054 2110 1128 ab
2144 1055 2338 1127 Italia
2390 1079 2544 1128 mu·-

388 1186 620 1249 tuatus
684 1188 812 1249 est.
880 1178 1039 1250 Vidi
1106 1178 1365 1250 Averni
1417 1190 1487 1250 et
1533 1177 1809 1249 Lucrini
1859 1181 2081 1263 lacuS,
2127 1177 2541 1250 Acherontis

386 1309 662 1394 quoque
703 1312 1105 1393 stagnantes
1148 1323 1399 1396 aquaS,
1444 1301 1780 1395 piscinam
1831 1301 2118 1374 infelicis
2151 1301 2294 1372 nati
2336 1302 2545 1373 saevi-

387 1422 481 1493 tia
505 1422 1377 1518 Augustae;CaiiCaligulae
1405 1424 1780 1519 superbum
1806 1426 1985 1511 olim,
2004 1448 2188 1498 nunc
2213 1426 2538 1499 obrutum

389 1547 612 1631 undis,
657 1546 809 1630 iter,
867 1559 937 1618 et
989 1547 1140 1618 Iulii
1207 1547 1511 1620 Caesaris
1579 1548 1903 1620 iniectum
1954 1552 2202 1642 pelago
2240 1553 2534 1623 frenum.

385 1669 542 1741 Vidi
569 1669 851 1765 Sybillae
874 1670 1166 1764 patriam
1204 1692 1285 1741 ac
1318 1670 1634 1754 domum,
1665 1681 1735 1742 et
1756 1668 2158 1741 horrificum
2187 1670 2353 1743 illud
2381 1694 2540 1766 spe-

388 1816 514 1867 cus
543 1795 771 1866 stultis
798 1794 1250 1880 irremeabile,
1288 1792 1716 1866 doctioribus
1745 1793 2199 1865 inaccessum.
2226 1794 2384 1866 Vidi
2412 1796 2541 1884 Fa-

386 1918 653 1990 lernum
707 1928 1013 1988 montem
1069 1919 1336 1988 famoso
1401 1916 1681 2010 palmite
1746 1916 2225 2012 conspicuum,
2293 1931 2365 1990 et
2427 1918 2539 1990 hic

387 2040 651 2111 aridam
689 2041 1003 2112 tellurem
1040 2039 1304 2110 morbis
1341 2040 1642 2110 salutare
1667 2040 1936 2110 fumum
1960 2051 2294 2134 perpetuo
2320 2043 2541 2112 exha-

386 2164 668 2247 lantem,
738 2161 873 2232 illic
936 2163 1245 2234 cinerum
1301 2160 1570 2252 globos,
1625 2173 1697 2233 et
1743 2164 2091 2234 ferventes
2152 2164 2534 2250 scatebraS,

387 2284 590 2356 aheni
654 2285 869 2356 instar
935 2284 1284 2370 undantis,
1341 2285 1631 2356 confuso
1683 2308 2041 2357 murmure
2088 2296 2534 2360 eructantem.
2633 2354 2643 2363 .

385 2407 543 2478 Vidi
585 2430 793 2501 rupes
836 2406 1138 2500 undique
1178 2408 1515 2501 liquorem
1572 2408 2102 2481 saluberrimum
2154 2412 2490 2483 stillantes
2517 2467 2532 2496 ,

387 2539 457 2598 et
496 2527 763 2599 cunctis
806 2529 966 2599 olim
1008 2527 1407 2600 morborum
1450 2530 1823 2622 generibus
1874 2530 2370 2625 omniparentis
2413 2555 2537 2604 na-

389 2660 565 2721 turae
616 2671 907 2721 munere
956 2648 1301 2734 adhibita,
1370 2660 1555 2744 post,
1624 2651 2052 2724 medicorum
2117 2653 2376 2726 invidia
2434 2654 2537 2749 (ut

386 2771 819 2867 memorant),
857 2776 1145 2844 confusa
1185 2773 1451 2847 balnea.
1488 2772 1598 2846 Ad
1630 2797 1792 2869 quae
1836 2786 2064 2847 tamen
2106 2776 2289 2849 nunc
2329 2778 2536 2849 etiam

382 2917 424 2965 e
467 2895 774 2968 finitimis
811 2896 1102 2968 urbibus
1143 2897 1390 2991 ingens
1433 2899 1659 2970 omnis
1703 2921 1921 2971 sexus
1963 2900 2331 2994 aetatisque
2371 2922 2537 2973 con-

383 3041 633 3091 cursus
685 3031 814 3091 est.
880 3021 1040 3093 Vidi
1088 3042 1225 3092 non
1279 3031 1592 3118 cryptam
1636 3022 1844 3094 modo
1895 3044 2055 3115 quae
2092 3024 2535 3118 Neapolitana

383 3140 658 3227 dicitur,
701 3144 902 3214 cuius
954 3122 1434 3216 ad'Lucilium
1488 3144 1802 3217 scribens
1867 3146 2181 3217 meminit
2229 3143 2535 3216 Annaeus

386 3264 672 3347 Seneca;
716 3265 840 3337 sed
880 3267 1142 3359 passim
1183 3267 1561 3359 perforatos
1603 3278 1873 3340 montes
1907 3277 2114 3361 atque
2156 3286 2534 3358 suspensos

386 3387 852 3460 testudinibus
892 3389 1299 3460 marmoreis
1333 3388 1592 3460 eximio
1632 3391 1932 3462 candore
1972 3387 2422 3481 fulgentibus,
2466 3398 2539 3459 et

385 3508 764 3604 insculptas
806 3511 1174 3603 imagineS,
1219 3511 1377 3604 quis
1418 3511 1610 3581 latex
1671 3511 1783 3581 cui
1834 3511 2143 3605 corporis
2209 3510 2387 3605 parti
2434 3509 2539 3582 fa-

383 3646 572 3717 veat,-
616 3656 825 3706 manu
867 3634 1182 3728 apposita
1222 3633 1696 3726 designantes.
1740 3628 1820 3703 In
1861 3643 2218 3727 stuporem
2259 3654 2373 3703 me
2398 3653 2537 3703 non

383 3755 607 3847 magis
642 3757 852 3829 facies
886 3760 1220 3842 locorum,
1257 3778 1468 3851 quam
1502 3756 1701 3827 labor
1734 3753 2074 3828 artificum
2113 3755 2358 3846 coegit.
2393 3755 2537 3825 lam

384 3878 613 3950 miuus
653 3880 868 3952 miror
908 3883 1215 3953 Romana
1256 3879 1535 3967 moenia,
1581 3881 1930 3952 Romanas
1964 3899 2192 3963 arces,
2230 3880 2537 3949 Romana

381 4000 657 4093 palatia,
702 4003 983 4096 quando
1023 4015 1163 4076 tam
1204 4005 1442 4099 procul
1476 4027 1518 4076 a
1551 4001 1774 4098 patria
1810 3999 2158 4097 (quamvis
2191 4003 2537 4073 excellen-

382 4122 568 4196 tibus
602 4124 775 4197 viris
812 4124 1067 4220 ubique
1101 4127 1192 4199 sit
1222 4124 1463 4221 patria)
1499 4127 1964 4199 Romanorum
1998 4124 2255 4235 ducum
2291 4123 2535 4196 similis

380 4269 546 4319 cura
611 4248 1075 4344 protenditur,
1147 4248 1404 4344 quibus
1471 4252 1652 4322 ultra
1718 4250 2171 4324 centesimum
2236 4248 2531 4344 lapidem
