3104 4805
487 314 603 373 4222
1168 327 1249 373 DE
1294 323 1494 371 REBUS
1540 317 1982 368 rmumfflunus

487 494 725 544 corum
792 492 984 541 amor
1054 471 1341 540 vellicat.
1396 469 1586 537 Ibam
1641 488 1809 536 vero
1873 487 2052 536 nunc
2126 465 2445 555 longius:
2518 465 2649 535 sed

488 592 920 684 expectantis
961 613 1317 661 murmure
1358 588 1575 660 nuntii
1616 587 1988 659 admoneor
2034 598 2109 656 ut
2148 586 2407 656 dicam:
2454 587 2650 655 Vale.

772 738 867 789 XV
903 737 1023 790 Kal.
1056 736 1261 789 Iunias.

1324 1145 1681 1208 EPISTOLA
1731 1145 1817 1206 Ν.

793 1337 1179 1385 FRANCISCUS
1223 1334 1560 1384 PETRARGA
1609 1334 1880 1383 OLYMPIO
1925 1335 2042 1384 SUO
2086 1336 2138 1383 S.
2184 1336 2238 1383 P.
2286 1336 2346 1383 D.

609 1498 777 1552 Enixc
810 1499 1062 1551 hortatur
1091 1502 1180 1564 ut,
1214 1513 1324 1550 una
1351 1512 1478 1549 cum
1507 1495 1725 1562 amiciS,
1756 1495 2106 1549 contubernii
2136 1501 2191 1549 ct
2221 1498 2388 1550 totius
2419 1496 2536 1549 vitae

1174 1585 1624 1639 communionem
1656 1584 1795 1637 inire
1825 1584 1973 1638 velit.

688 1825 926 1894 Omnis
969 1846 1165 1894 amor
1217 1823 1585 1917 impatiens
1641 1842 1881 1904 morae,
1939 1821 2396 1892 festinationis
2449 1845 2656 1916 appe-

495 1959 675 2029 tens;
720 1968 847 2016 nec
889 1948 1026 2016 ulla
1069 1955 1254 2017 tanta
1295 1943 1611 2016 celeritas
1653 1953 1789 2025 est,
1845 1963 2005 2034 quae
2040 1964 2175 2012 non
2223 1942 2516 2013 tarditas
2571 1941 2661 2012 sit

496 2069 771 2140 amanti.
802 2069 1016 2139 Multa
1045 2067 1165 2137 tibi
1194 2068 1526 2137 hesterno
1555 2065 1668 2136 die
1697 2065 2142 2155 scripseram:
2178 2065 2303 2135 sed
2332 2064 2656 2156 quoniam

496 2202 567 2261 ct
602 2194 812 2262 multa
852 2198 1285 2285 supererant,
1326 2197 1394 2258 et
1430 2187 1800 2258 exonerari
1838 2188 2111 2257 animus
2148 2187 2459 2270 ardebat,
2500 2210 2660 2257 cum

497 2312 822 2382 fortuitus
871 2311 1152 2381 nuntius
1204 2332 1342 2380 non
1395 2310 1703 2391 adesset,
1744 2309 1833 2378 ad
1867 2307 2286 2378 domesticos
2341 2331 2450 2379 me
2499 2328 2663 2378 con-

498 2434 700 2503 verti.
770 2434 857 2500 Et
910 2432 1340 2521 singulorum
1394 2432 1676 2524 quidem
1740 2430 2077 2523 obsequia
2144 2432 2530 2514 trutinanti‚
2587 2441 2662 2501 ut

499 2553 839 2641 intelligas
885 2572 1094 2643 quam
1142 2552 1365 2621 ventri
1410 2552 1691 2622 deditus
1731 2554 1894 2636 sim,
1924 2573 2193 2644 coquus
2230 2553 2496 2644 primus
2548 2573 2666 2623 oc-

498 2675 740 2758 currit,
784 2696 924 2766 quo
967 2672 1117 2743 sine
1176 2673 1643 2756 incommod0‚
1684 2673 1821 2744 imo
1855 2696 2028 2744 vero
2089 2694 2227 2743 non
2289 2673 2437 2744 sine
2473 2695 2666 2744 com-

502 2795 722 2876 mod0,
750 2814 1078 2864 carerem.
1111 2793 1410 2883 Coquus,
1445 2792 1744 2883 inquam,
1779 2793 1966 2885 quod
1993 2816 2128 2864 non
2160 2803 2226 2864 te
2260 2797 2443 2878 latet,
2477 2795 2666 2886 apud

498 2915 796 2986 maiores
839 2914 1002 2983 olim
1046 2922 1320 2983 nostros
1364 2912 1785 2985 vilissimum
1835 2909 2283 3007 mancipium,
2327 2916 2506 2986 victa
2541 2917 2666 2986 de-

503 3061 688 3108 mum
726 3035 917 3119 Asia,
964 3034 1031 3104 in
1077 3036 1297 3128 pretio
1339 3035 1581 3106 haberi
1625 3047 1950 3128 coeptum.
1995 3037 2362 3127 Nunquam
2402 3037 2663 3107 utinam

501 3160 713 3230 armis
755 3158 991 3230 Asiam
1046 3141 1634 3241 vicissemuS,'ne
1678 3181 1979 3250 unquam
2036 3159 2182 3229 suis
2239 3160 2350 3228 illa
2400 3158 2666 3229 deliciis

502 3304 628 3353 nos
672 3281 975 3351 vicisset.
1022 3280 1160 3350 Sed
1194 3281 1282 3352 ad
1320 3289 1560 3351 nostra
1609 3280 1879 3350 festino,
1937 3280 2218 3372 Coquus
2270 3304 2442 3373 ergo
2484 3304 2668 3351 nunc

504 3402 667 3471 mihi
703 3424 828 3493 pro
864 3400 1129 3471 viatore
1163 3403 1399 3485 suerit,
1442 3401 1714 3471 villicus
1751 3423 1875 3492 pro
1901 3423 2145 3492 coquo.
2187 3404 2360 3487 Scis,
2403 3425 2513 3472 me
2550 3426 2669 3472 ru-

505 3526 676 3597 stico
728 3532 1064 3617 apparatu
1099 3531 1180 3592 ‘et
1232 3522 1405 3593 cibis
1460 3520 1859 3613 agrestibus
1912 3524 2271 3608 delectari,
2324 3535 2392 3594 et
2445 3526 2512 3593 in
2566 3534 2671 3594 te-

502 3649 620 3719 nui
663 3648 853 3718 victu
905 3649 1125 3718 solum
1178 3668 1338 3716 cum
1392 3644 1692 3738 Epicuro
1746 3646 2031 3728 sentire,
2086 3646 2194 3716 cui
2249 3648 2318 3716 in
2372 3648 2667 3718 hortulis

503 3780 574 3840 ot
613 3771 918 3842 oleribus
963 3770 1147 3840 illius
1190 3792 1230 3839 a
1273 3790 1350 3838 se
1393 3767 1696 3839 laudatae
1739 3769 2113 3862 voluptatis
2159 3792 2426 3840 summa
2470 3792 2669 3862 repo-

503 3894 709 3962 nitur.
748 3894 948 3985 Saepe
981 3891 1260 3983 quidem
1299 3890 1663 3960 rusticitati
1702 3912 1880 3959 meae
1924 3893 2259 3981 gratulor,
2300 3913 2460 3982 quae
2496 3892 2668 3960 mihi

506 4026 913 4105 perpetuum
955 4016 1137 4097 fecit,
1177 4013 1362 4106 quod
1403 4013 1511 4083 his
1547 4011 1862 4085 delicatis
1898 4036 1978 4085 ac
2015 4014 2218 4085 lautis
2259 4012 2667 4084 vicissitudo

506 4134 665 4204 facit
705 4135 1063 4206 alternum.
1109 4139 1279 4222 Quis
1322 4150 1430 4209 est
1472 4139 1656 4209 onim
1703 4150 1840 4210 tam
1884 4138 2241 4210 fastidioso
2294 4158 2655 4229 a1·roganS‚
