3104 4805
674 384 839 432 Lxxn

1510 377 1585 425 PR
1593 375 2033 426 OLEGOMENON.

417 506 2637 851 [r——W———znno
2678 633 3087 684 EPISTOLARUI

776 740 1216 782 Αινηηετιοο
1279 738 1507 779 onmuss
1572 736 1910 778 msrosn‘n
2273 712 2278 739 ¹
2362 748 3087 795 „a

1133 839 1138 844 “
1166 860 1247 907 ΕΤ
1298 857 1539 906 nomm

433 758 439 1069 1
614 938 631 953 “
803 962 979 1004 nonum
1011 963 1077 1002 u>
1109 961 1240 1011 Quos
1272 960 1511 1000 ιιττειω
1541 955 1705 998 ¹188AE
1737 955 1888 997 sum.

437 1054 2268 1076 W*—

2274 878 2278 909 ἱ
2540 863 2809 903 VENETA

2271 922 2280 1058 l
2578 926 2794 963 Αιιιιὶὅω.

515 1173 659 1239 Quid
686 1188 750 1226 ex
791 1176 935 1225 ectas
964 1168 1152 1223 audire
1159 1201 2219 1219 ...................
2274 1174 2278 1235 3
2330 1199 3041 1211 .............

715 1244 751 1285 A
815 1240 1108 1285 Franciscum
1135 1237 1208 1282 Pr.
1237 1235 1315 1281 SS.
1346 1230 1689 1289 Apostolorum.
2273 1244 2278 1263 ι

514 1323 658 1389 Quid
684 1323 813 1376 hinc
838 1317 1211 1374 humanitatis.
1274 1352 2218 1369 .................

647 1389 650 1392 ’
713 1392 782 1436 Ad
809 1390 1047 1434 Nicolaum
1075 1387 1209 1432 Leur.
1237 1384 1487 1433 Tribunum
1514 1383 1626 1436 Pop.
1658 1380 1785 1427 Rom.

516 1473 657 1538 Quid
684 1473 743 1525 in
770 1470 1087 1542 quaestione.

711 1541 780 1585 Ad
808 1540 1085 1595 Stephanum
1111 1537 1385 1582 Columnam
1412 1534 1656 1579 iuniorem.

515 1622 657 1689 Quid
685 1622 820 1676 mihi
846 1622 914 1676 de
939 1621 1040 1674 hac
1068 1620 1175 1673 vita
1182 1653 2217 1672 ...................
2272 1572 2278 1705 ᾗ
2403 1609 2465 1663 F.
2496 1608 2620 1662 122.
2653 1610 2709 1663 s.
2741 1607 2835 1662 XI.
2867 1607 2956 1661 Μ.

712 1693 783 1735 Ad
810 1689 1113 1736 Lombardum
1142 1700 1169 1732 a
1198 1688 1367 1732 Serico.

516 1773 1346 1846 Quidprimumquaeraraut..
1393 1809 1403 1819 .
1451 1808 1461 1819 .
1508 1807 1519 1818 .
1567 1806 1579 1817 .
1625 1806 1636 1816 .
1682 1805 1692 1815 .
1743 1805 1753 1814 .
1800 1804 1811 1814 .
1859 1805 1869 1815 .
1917 1804 1926 1815 .
1975 1804 1985 1813 .
2032 1802 2043 1813 .
2091 1803 2101 1813 .
2149 1803 2158 1813 .
2209 1799 2279 1827 -:
2330 1798 3041 1813 .............

717 1842 785 1888 Ad
813 1844 1061 1887 Socratem.

2584 1457 2644 1510 F.
2684 1456 2772 1511 32.

2273 1716 2279 1793 ⁸

2274 1840 2280 1943 Ι

518 1926 901 1997 Quidquamne
929 1922 1243 1977 mortalium
1250 1949 3046 1973 ...............................

716 1996 783 2039 Ad
815 1995 1104 2039 Frauclseum
1136 1991 1206 2034 Pr.
1237 1990 1313 2033 SS.
1345 1986 1682 2043 Apostolorum.

519 2075 660 2140 Quid
690 2075 787 2128 tibi
814 2075 894 2127 vis
922 2071 1136 2127 dicam?
1165 2069 1256 2123 Sic
1281 2075 1382 2124 est.
1454 2104 2221 2119 ..............

712 2143 782 2189 Ad
811 2142 1017 2187 Loelium.

518 2224 661 2290 Quid
687 2241 816 2279 vero
843 2239 991 2277 nunc
1018 2221 1230 2291 agimus
1255 2218 1440 2271 frater.
1512 2253 2220 2267 .............

715 2294 781 2339 Ad
810 2294 1060 2338 Socratem.

519 2375 662 2441 Quid
690 2374 770 2429 vis
796 2374 972 2428 dicam
1000 2377 1094 2426 aut
1121 2349 1497 2441 respoudeam.
1571 2401 2218 2416 ............

717 2444 786 2487 Ad
815 2444 1107 2488 Franciscum
1135 2440 1354 2484 Brunum.

521 2525 879 2594 Quocumque
907 2528 960 2576 te
988 2519 1335 2576 converteris.
1394 2551 2219 2568 ...............

716 2593 785 2636 Ad
813 2592 1035 2648 Ignotum.

520 2672 677 2739 Quod
704 2672 772 2725 ad
802 2671 1047 2725 studium
1076 2670 1155 2724 rei
1181 2667 1466 2722 familiaris
1473 2702 2219 2719 ..............

719 2740 787 2786 Ad
815 2741 1037 2797 lgnotum.

521 2823 680 2889 Quod
707 2839 774 2876 ex
799 2823 937 2876 meis
964 2821 1152 2876 multis
1180 2819 1249 2874 ad
1278 2824 1330 2873 te
1336 2855 1813 2872 .........
1820 2881 1825 2886 ¹
1860 2853 2222 2864 .......

721 2893 787 2936 Ad
818 2891 1061 2937 Iohannem
1091 2891 1246 2946 Epleo.
1274 2888 1624 2934 Olmutlentem.

521 2973 678 3040 Quod
706 2973 763 3027 in
793 2973 1009 3028 silentio
1036 2970 1352 3044 suspicabar
1356 3003 2223 3022 ................
2279 2981 2282 3016 3
2334 3000 3046 3013 .............

722 3043 791 3087 Ad
819 3044 1047 3088 Andreem
1075 3040 1328 3087 Dendolum
1359 3039 1469 3083 Duo.
1503 3037 1664 3082 venet.
2677 3037 2680 3038 ’

523 3124 681 3191 Quod
709 3140 797 3178 me
825 3124 893 3177 ad
921 3124 1106 3194 sugam
1133 3120 1344 3177 mortis.
1399 3154 2224 3173 ...............

721 3192 790 3237 Ad
817 3193 1107 3238 Franclscum
1135 3192 1352 3235 Brunum.

523 3274 681 3340 Quod
707 3278 905 3327 natura

722 3343 792 3387 Ad
818 3341 876 3387 fr.

941 3342 1287 3387 artholomoeum
1317 3340 1399 3396 Ep.
1429 3340 1635 3385 Theatln.

524 3424 682 3491 Quod
707 3424 978 3479 obiectum
1007 3423 1074 3477 ab
1103 3422 1276 3476 amico
1283 3456 2224 3474 .................

723 3494 792 3538 Ad
819 3493 1042 3549 Ignotum.

524 3576 682 3642 Quod
709 3575 962 3647 optabam
990 3574 1144 3629 video
1168 3573 1237 3627 ab
1262 3578 1406 3627 ortu.
1462 3606 2225 3624 ..............

722 3646 791 3690 Ad
819 3645 991 3690 Ducem
1017 3649 1067 3690 et
1092 3641 1347 3688 Consilium
1372 3641 1698 3686 Genuensium.

525 3726 684 3791 Quod
710 3726 1102 3796 professionem
1132 3731 1282 3778 tuam
1310 3722 1507 3777 decuit.
1578 3756 2225 3774 ............

724 3794 791 3838 Ad
822 3795 1205 3840 Bai-tholomaeum
1233 3795 1486 3838 eremitam.

528 3872 683 3937 Quod
711 3889 855 3985 seeipe
882 3875 1012 3927 olim
1040 3876 1123 3930 vel
1151 3874 1348 3930 oblivio
1355 3907 2227 3927 ................

724 3944 757 3985 Α
819 3944 1070 3988 Ger-ardum
1098 3945 1301 3989 fratrem.

529 4021 685 4087 Quod
712 4025 826 4074 tam
853 4024 1037 4092 magni
1064 4025 1299 4077 aestimas
1304 4057 2224 4076 .................

727 4090 794 4135 Ad
822 4090 1077 4136 Guidonem
1103 4093 1369 4148 Septimum.

531 4172 687 4238 Quod
713 4171 940 4225 verebar
965 4172 1172 4226 accidit.
1231 4206 2222 4225 ..................

725 4242 794 4288 Ad
819 4241 1065 4289 Barbatum
1091 4242 1452 4289 Sulmonensem.

2274 1972 2280 2121 ἶ
2591 2059 2651 2113 F.
2692 2059 2780 2114 48.

2273 2130 2280 2325 ι
2501 2209 2561 2261 F.
2593 2206 2864 2261 Praesatio.

2273 2334 2278 2379 ⁵
2542 2356 2597 2410 s,
2621 2352 2734 2410 ‘x1.
2775 2355 2826 2410 3.

2273 2384 2279 2554 ἰ
2547 2509 2602 2562 S.
2635 2508 2697 2562 T.
2730 2506 2817 2561 17.

2274 2557 2280 2703 ἰ
2596 2657 2774 2712 m.

2277 2873 2282 2974 1

2279 3027 2283 3069 l

2279 3089 2284 3182 3
2574 3111 2630 3166 S.
2662 3110 2704 3163 1.
2746 3109 2796 3162 7.

2279 3185 2285 3292 ἱ

968 3273 1294 3327 rocellosum
1323 3287 1417 3324 ver
1423 3300 3048 3324 .............................

2280 3346 2285 3418 5

2336 3601 3049 3614 nnnnnnnnnnnnn
