3104 4805
404 333 419 358 ἵ
495 365 615 428 220
1177 377 1257 425 nn
1300 376 1501 425 annus
1545 374 1988 424 ruminamus

494 520 682 615 quod
723 520 843 591 tihi
885 520 973 592 ad
1007 518 1335 611 gaudium
1371 539 1649 611 quoque
1687 516 2028 609 significo,
2064 515 2275 589 ductu
2313 526 2385 589 et
2415 514 2652 614 auspi-

492 644 617 717 ciis
669 644 1046 715 amicorum
1099 651 1376 714 tuorum
1429 642 1526 712 De
1579 640 1865 732 corigia,
1916 641 2266 725 Parmam,
2311 641 2499 714 unde
2538 643 2651 737 (ut

494 766 656 860 scis)
684 766 1115 849 arcebamur‚
1146 763 1510 856 ingressus
1546 785 1723 847 sum,
1761 763 1892 834 hoc
1922 763 2168 835 eodem
2201 763 2315 835 die
2354 764 2482 835 sibi
2514 767 2647 858 ipsi

494 890 880 962 restitutam
923 888 1198 971 urbem,
1243 890 1444 980 pulso
1485 887 1646 958 hinc
1685 886 2015 981 praesidio
2055 881 2528 982 tyrannorum,
2575 888 2645 958 in

493 1033 720 1104 quam,
752 1020 1034 1105 repente
1062 1016 1328 1080 mutata
1359 1031 1593 1080 rerum
1618 1008 1805 1090 facie,
1836 1017 2044 1101 atque
2072 1008 2446 1081 incredibili
2474 1032 2646 1100 gau-

490 1133 606 1205 dio
646 1133 957 1205 liberatae
996 1132 1235 1227 plebis,
1285 1131 1569 1204 libertas
1609 1142 1680 1201 et
1719 1129 1979 1202 iustitia
2005 1130 2293 1203 rediere.
2321 1132 2445 1202 Hic
2476 1154 2644 1226 ergo

491 1257 811 1350 precibus
852 1278 1095 1327 eorum
1135 1256 1393 1339 victuS,
1448 1253 1704 1348 quihus
1754 1253 2032 1325 veniam
2085 1262 2270 1325 tuam
2323 1275 2647 1326 accessu-

492 1400 641 1449 ram
680 1377 813 1471 ipsi
856 1385 1161 1470 sperant,
1205 1386 1277 1447 et
1316 1398 1451 1468 ego
1488 1398 1629 1448 non
1671 1375 1941 1460 dubito,
1982 1384 2297 1447 aestatem
2333 1397 2542 1468 agere
2575 1376 2643 1446 in

490 1501 797 1571 animum
840 1498 1105 1571 induxi.
1149 1499 1386 1571 lurant
1424 1498 1608 1570 enim
1661 1521 1740 1571 se
1788 1499 2162 1594 praesentia
2213 1522 2370 1571 mea
2409 1501 2648 1572 admo-

489 1622 657 1695 dum
683 1644 919 1714 egere,
948 1623 1135 1714 quod
1162 1622 1624 1713 indulgentiae,
1655 1646 1792 1695 non
1822 1623 2260 1695 necessitatis
2289 1647 2467 1708 esse,
2498 1646 2647 1695 cer-

492 1755 637 1815 tum
678 1754 807 1815 est.
852 1745 977 1815 Cui
1018 1745 1199 1815 enim
1253 1745 1412 1815 usui
1453 1745 1522 1814 in
1563 1743 1695 1816 hoc
1746 1754 1929 1816 statu
1980 1768 2214 1816 rerum
2269 1746 2449 1816 sim‘?
2495 1748 2646 1817 Non

489 1890 623 1960 ego
663 1867 948 1940 urbanis
991 1868 1395 1964 strepitibus
1448 1868 1577 1938 sed
1628 1867 2065 1940 silvestribus
2120 1868 2409 1940 silentiis
2460 1869 2649 1940 dele-

489 2001 666 2074 ctor;
709 2015 846 2066 non
885 1995 1120 2084 legum
1162 2001 1281 2063 aut
1321 2013 1671 2063 armorum
1724 1992 1938 2076 curiS,
1997 1992 2124 2063 sed
2176 1992 2525 2063 solitudini
2577 2002 2649 2063 et

491 2115 641 2188 ocio
679 2126 884 2188 natus
940 2137 1115 2185 sum.
1171 2115 1308 2209 Ipsi
1361 2114 1641 2207 quidem
1694 2115 1836 2187 voti
1889 2115 2021 2186 mei
2073 2114 2356 2200 conscii,
2402 2113 2646 2184 miram

489 2238 658 2309 mihi
699 2238 998 2331 quietem
1039 2236 1473 2329 pollicentur,
1520 2260 1680 2309 cum
1722 2240 1957 2330 fragor
2007 2237 2117 2310 hic
2158 2250 2228 2308 et
2268 2238 2474 2309 ardor
2523 2239 2650 2308 lae-

491 2359 658 2433 titiae
700 2357 1060 2451 gestientis
1103 2357 1512 2429 assiduitate
1548 2359 1864 2452 tepuerit.
1908 2360 2260 2455 Quidquid
2300 2360 2446 2444 erit,
2491 2382 2644 2432 mos

490 2482 837 2573 gerendus
899 2480 1027 2551 suit
1090 2480 1388 2572 benigne
1441 2481 1902 2572 precantibus.
1957 2483 2240 2579 Hyemis
2293 2484 2484 2556 initio
2535 2505 2647 2555 me

488 2600 787 2672 videbis
831 2604 930 2673 lta
968 2601 1150 2686 dico,
1190 2603 1324 2673 nisi
1357 2605 1471 2673 vel
1506 2602 1628 2672 tibi
1662 2604 1896 2688 citiuS,
1934 2608 2048 2676 vel
2087 2607 2380 2677 fortunae
2416 2607 2644 2677 serius

487 2723 841 2816 placuerit.
883 2724 1075 2795 Vale.

770 2870 820 2925 X
852 2870 977 2926 Kal.
1010 2869 1174 2929 Iunii.

1337 3205 1691 3271 EPISTOLA
1729 3205 1796 3268 X.

616 3390 998 3439 FRANCISCUS
1040 3390 1375 3440 PETRARCA
1416 3389 1778 3439 PEREGRINO
1823 3387 2211 3435 MESSANENSI
2254 3387 2304 3434 S.
2349 3387 2404 3434 P.
2450 3387 2510 3434 D.

723 3549 885 3606 Dolet
907 3550 1118 3606 obitum
1144 3550 1368 3604 Thomae
1396 3548 1583 3602 fratris
1609 3548 1752 3614 eiua,
1784 3551 1839 3600 et
1866 3546 2034 3599 mittit
2061 3545 2401 3617 epigramma

1221 3639 1435 3693 tumulo
1462 3636 1895 3692 inscribendum.

679 3838 1176 3912 Gravissimam
1221 3839 1600 3931 querelam,
1645 3835 1959 3928 epistolae
2002 3831 2257 3904 finibus
2298 3853 2436 3903 non
2478 3854 2642 3904 con-

490 3970 770 4043 tentam,
800 3960 1073 4033 differre
1107 3962 1512 4055 compulsus
1549 3981 1728 4031 sum.
1760 3958 1908 4029 Non
1936 3967 2045 4028 est
2070 3956 2399 4029 usitatum
2435 3955 2641 4028 animi

488 4082 619 4152 mei
648 4083 920 4165 vulnus
951 4093 1071 4154 aut
1102 4086 1385 4175 vulgato
1420 4080 1872 4153 medicamine
1907 4080 2377 4158 relevandum.
2415 4076 2639 4147 Altius

489 4204 560 4275 in
599 4203 977 4297 praecordia
1016 4204 1398 4277 descendit:
1434 4203 1841 4276 observavit
1873 4203 2056 4274 enim
2092 4200 2379 4274 nocendi
2415 4202 2637 4271 locum
