3104 4805
635 397 715 445 XX
856 451 861 456 ,
1447 395 1689 446 PROLEG
1697 394 1975 444 OMENON.

636 536 783 598 tioni
817 535 1208 611 subiecimus,
1236 552 1310 598 ex
1337 551 1461 613 quo
1495 536 1616 599 ictu
1652 513 1805 616 pene
1830 535 1991 597 oculi
2024 543 2306 614 appareat
2339 538 2566 615 quibus
2593 539 2652 600 in
2680 557 2777 603 co-

634 641 866 704 dicibus
899 642 1279 720 singularum
1311 648 1511 705 textus
1543 642 1913 721 reperiatur,
1955 642 2028 704 ad
2073 658 2343 720 quorum
2386 644 2569 707 fidem
2612 647 2782 723 quid·-

633 748 782 825 quid
834 748 1169 827 imperfecti
1212 747 1272 810 in
1313 748 1421 811 hac
1462 748 1759 812 exciderit
1800 746 2060 811 editione
2102 748 2330 826 corrigi
2371 749 2559 828 possit
2598 757 2781 829 atque

635 855 963 918 emendari.

790 959 936 1022 Illud
968 960 1227 1039 denique
1258 961 1471 1023 addam
1504 976 1605 1021 me
1639 959 1742 1022 diu
1789 960 2087 1021 incertum
2128 959 2399 1023 extitisse
2441 977 2517 1023 an
2558 961 2778 1025 litteris

633 1066 798 1128 hisce
830 1071 1002 1127 notas
1035 1066 1713 1142 animadversionesque
1748 1063 2212 1142 subiungerem,
2248 1081 2386 1142 quae
2420 1066 2775 1128 earumdem

634 1172 821 1247 diem,
876 1171 1282 1245 occasionem,
1321 1176 1755 1248 argumentum
1795 1170 2193 1245 declararent,
2237 1176 2417 1247 atque
2460 1187 2536 1232 ex
2582 1172 2775 1249 ipsius

632 1278 925 1340 Petrarcae
967 1277 1171 1339 verbis
1211 1276 1560 1355 deprompta
1617 1275 1980 1339 validissima
2034 1281 2390 1353 argumenta
2443 1276 2775 1355 suppedita-

633 1389 795 1458 rent,
831 1382 1053 1459 quibus
1087 1387 1219 1441 tum
1252 1378 1451 1442 civilis
1482 1378 1734 1441 historia
1771 1386 1828 1441 et
1861 1379 2180 1455 litteraria,
2217 1395 2414 1457 quum
2446 1380 2772 1459 praeclaris-

632 1488 935 1549 simorum
971 1485 1105 1547 eius
1135 1486 1325 1548 aetatis
1363 1485 1647 1547 virorum
1686 1485 1829 1547 vitae
1859 1499 2082 1563 resque
2102 1490 2285 1562 gestae
2307 1485 2770 1548 illustrarentur.

630 1592 706 1653 At
736 1608 804 1653 re
843 1597 1083 1653 mature
1115 1606 1436 1669 perpensa,
1471 1607 1654 1653 omne
1696 1591 1839 1653 illud
1882 1598 2166 1653 notarum
2208 1598 2266 1653 et
2306 1591 2777 1654 animadversio-

630 1712 781 1759 num
815 1712 967 1775 opus
1002 1696 1219 1758 ltalicae
1260 1697 1605 1758 litterarum
1648 1696 1918 1759 versioni
1960 1698 2412 1775 adiungendum
2453 1712 2772 1759 reservare

633 1802 839 1866 visum
872 1807 982 1864 est.
1019 1801 1103 1862 Ne
1138 1807 1337 1863 tamen
1371 1817 1619 1864 omnem
1652 1802 1726 1864 de
1761 1802 1883 1864 vita
1926 1809 1986 1865 et
2017 1804 2199 1866 rebus
2232 1804 2415 1881 gestis
2446 1804 2633 1865 lector
2673 1802 2772 1864 de·

631 1909 856 1971 sideret
887 1908 1170 1969 Auctoris
1204 1907 1396 1970 nostri
1427 1909 1734 1985 notitiam,
1777 1926 1854 1972 ex
1894 1910 2069 1972 cuius
2112 1909 2343 1972 defectu
2381 1910 2518 1971 fieri
2562 1910 2773 1987 nequit

632 2012 781 2090 quin
815 2028 974 2091 saepe
999 2011 1059 2072 in
1094 2011 1542 2074 narrationibus
1579 2013 1713 2075 eius
1749 2011 2145 2090 intelligendis
2171 2012 2424 2088 haereat,
2448 2011 2773 2074 Familiari-

628 2117 744 2179 bus
775 2116 940 2178 hisce
972 2116 1456 2195 praemittendam
1490 2115 1779 2179 duximus
1813 2117 2140 2195 Epistolam
2175 2132 2293 2195 qua
2312 2117 2594 2179 Posteros
2628 2115 2776 2193 ipse-

630 2230 757 2286 met
789 2222 993 2286 docuit
1025 2220 1323 2299 originem
1356 2221 1549 2298 gentis
1584 2237 1738 2295 suae,
1774 2226 1832 2281 et
1869 2221 2010 2281 vitae
2043 2227 2190 2281 actae
2231 2222 2533 2282 rationem
2578 2236 2774 2298 usque

631 2329 707 2391 ad
762 2344 990 2391 annum
1040 2327 1230 2389 aetatis
1281 2332 1523 2388 sextum
1576 2340 1754 2402 supra
1811 2324 2360 2401 quadragesimum.
2415 2322 2567 2384 Huic
2620 2340 2774 2385 vero

630 2433 930 2511 prooemio
966 2437 1173 2493 nostro
1201 2430 1488 2493 Tabulam
1513 2430 1926 2493 subnectimus
1944 2428 2430 2506 chronologicam
2454 2445 2529 2490 eo
2559 2428 2773 2493 ordine

630 2537 1025 2616 compositam
1058 2542 1127 2597 ut
1149 2536 1288 2598 hinc
1319 2535 1593 2615 publicos
1616 2536 2008 2615 privatosque
2039 2540 2294 2596 eventus
2329 2533 2607 2598 exhibeat
2640 2535 2771 2614 qui·

632 2641 892 2703 buscum
928 2641 1118 2719 ipsius
1155 2642 1278 2703 vita
1309 2642 1429 2703 lato
1463 2656 1707 2719 quoque
1741 2640 1924 2702 modo
1958 2639 2376 2717 coniungitur,
2417 2640 2559 2702 hinc
2601 2640 2771 2719 quid·

633 2747 779 2826 quid
828 2754 1171 2809 memoratu
1224 2747 1469 2825 dignius
1522 2746 1637 2824 ipsi
1690 2744 2009 2821 contigerit
2052 2750 2350 2823 appareat.
2404 2743 2771 2806 Documenta

633 2867 784 2915 vero
817 2852 1177 2931 criticasque
1218 2851 1670 2930 disquisitiones
1712 2866 1850 2928 quae
1890 2856 2260 2912 assertarum
2301 2864 2511 2911 rerum
2551 2848 2770 2911 verita-

634 2961 758 3017 tem
790 2959 1178 3034 conflrment,
1213 2973 1331 3019 una
1372 2973 1515 3019 cum
1548 2954 1744 3017 Italica
1775 2953 1994 3016 barum
2028 2953 2423 3033 epistolarum
2458 2953 2769 3028 versione,

636 3060 688 3122 si
719 3063 933 3141 coeptis
964 3063 1122 3125 Deus
1154 3067 1403 3137 annuat,
1438 3059 1617 3124 brevi
1648 3073 1759 3122 nos
1792 3059 2064 3122 edituros
2097 3053 2229 3124 esse
2261 3059 2639 3123 confidimus.
