3104 4805
910 401 1096 451 unna
1137 401 1892 452 summus—emron
1936 405 2013 452 vr.
2417 392 2525 453 371

378 524 572 630 vota,
627 566 764 615 non
805 544 1069 617 limitat.
1112 548 1384 619 Scimus
1435 567 1635 640 ergo,
1679 546 1844 640 quia
1880 550 2136 641 petenti
2160 548 2532 623 -modicum

379 665 717 739 immensa
755 667 1109 762 porrigere
1151 671 1416 765 species
1458 679 1571 742 est
1612 669 1933 762 negandi.
1975 671 2166 741 Vale.

662 834 766 889 v11
795 834 918 889 Kal.
950 835 1290 892 Decembris,
1324 835 1403 890 Ex
1432 836 1651 891 itinere.

1203 1184 1561 1253 EPISTOLA
1604 1187 1716 1252 vn.

571 1356 958 1407 FRANCISCUS
992 1357 1329 1408 PETRARGA
1370 1358 1648 1409 Nlcohao
1687 1357 2032 1427 LAUREnJ'rn
2073 1359 2349 1411 'nummo

1051 1463 1278 1515 POPULI
1321 1463 1567 1514 nouam
1606 1464 1660 1514 S.
1704 1465 1760 1514 P.
1804 1466 1863 1517 D.

498 1607 657 1675 Quod
687 1613 880 1664 contra
907 1623 1065 1681 spem
1092 1607 1366 1663 bonorum
1395 1607 1648 1661 omnium
1677 1612 1989 1678 susceptam
2025 1607 2427 1680 rempublicam

911 1699 1056 1753 male
1085 1696 1434 1754 administret
1460 1697 1703 1768 graviter
1734 1694 2009 1768 obiurgat.

574 1894 848 1970 Fecisti,
887 1896 1129 1980 fateor,
1168 1901 1244 1965 ut
1279 1914 1471 1988 saepe
1502 1914 1629 1987 per
1669 1891 1801 1964 hoc
1836 1901 2105 1989 tempus
2147 1893 2315 1965 illud
2349 1894 2536 1990 apud

381 2021 778 2092 Ciceronem
850 2018 1192 2110 loquentis
1258 2015 1559 2087 Africani
1610 2015 1871 2087 dictum
1923 2017 2138 2088 multa
2193 2039 2350 2089 cum
2409 2039 2535 2088 vo—

380 2144 639 2236 luptate
678 2151 1100 2235 repeterem:
1161 2137 1326 2228 Quis
1368 2150 1460 2209 est
1499 2140 1603 2208 hic
1642 2141 1759 2232 qui
1801 2141 2076 2233 complet
2114 2162 2309 2241 cures
2356 2162 2535 2211 meas

380 2274 601 2335 tantus
639 2276 700 2334 et
741 2275 875 2333 tam
914 2262 1121 2333 dulcis
1159 2262 1397 2333 sonus?
1436 2260 1620 2345 Quid
1659 2263 1845 2334 enim
1886 2262 1957 2333 in
1999 2273 2187 2336 tanta
2228 2265 2536 2337 claritate

380 2388 479 2459 tui
518 2387 842 2473 nominiS,
891 2387 983 2460 ad
1036 2389 1409 2466 tamlaetos
1459 2396 1533 2459 et
1584 2397 1723 2458 tam
1774 2385 2056 2460 crebros
2110 2412 2341 2462 rerum
2384 2399 2535 2466 tua-

378 2534 533 2584 rum
574 2511 870 2596 nunti08‚
912 2511 1436 2584 convenientius
1483 2510 1878 2583 diceretur?
1917 2511 2134 2605 quue
2169 2533 2378 2606 quam
2414 2535 2535 2583 cu-

376 2634 534 2729 pide
597 2636 897 2720 fecerim,
968 2634 1344 2728 inscriptus
1413 2633 1532 2705 tibi
1600 2633 2162 2707 exhortationum
2222 2657 2530 2708 mearum

376 2760 549 2833 liber
600 2760 881 2845 indicat,
948 2758 1245 2832 stimulis
1299 2759 1473 2830 meis
1538 2780 1622 2829 ac
1685 2758 2010 2831 laudibus
2070 2757 2207 2829 tuis
2260 2761 2529 2852 plenus

374 2887 553 2971 Noli,
623 2907 891 2980 quaeso,
945 2885 1371 2957 committere
1420 2896 1497 2956 ut
1543 2883 1804 2969 dicam,
1859 2884 2017 2977 quis
2077 2895 2189 2956 cst
2251 2884 2364 2956 hic
2411 2885 2533 2978 qui

372 3012 694 3083 vulnerat
756 3031 964 3082 aures
1041 3030 1236 3080 meas
1311 3017 1547 3080 tantus
1610 3017 1682 3079 et
1751 3016 1890 3078 tam
1959 3008 2176 3079 tristis
2243 3009 2535 3101 fragor?

375 3134 583 3218 Cave,
620 3131 942 3215 obsecro,
983 3129 1571 3225 speciosissimam
1613 3129 1816 3201 famae
1858 3138 2001 3201 tuae
2040 3131 2333 3201 frontem
2376 3150 2536 3221 pro-

376 3255 544 3347 priis
584 3254 909 3325 manibus
956 3252 1370 3324 deformare.
1424 3252 1605 3323 Nulli
1658 3251 1763 3323 fas
1817 3251 2176 3322 hominum
2217 3260 2354 3334 est,
2398 3249 2534 3320 nisi

378 3372 498 3443 tibi
531 3375 669 3457 uni,
709 3396 942 3445 rerum
984 3384 1261 3443 tuarum
1294 3371 1744 3444 fundamenta
1783 3374 2209 3456 convellere3
2238 3383 2310 3443 tu
2338 3381 2534 3466 potes

376 3503 697 3564 evertere
747 3493 866 3585 qui
916 3492 1241 3564 fundasti.
1291 3493 1477 3564 Solet
1521 3492 1942 3565 architectus
2006 3514 2168 3565 esse
2233 3496 2534 3588 optimus

378 3615 810 3710 propriorum
851 3635 1142 3706 operum
1182 3614 1567 3686 demolitor.
1608 3616 1799 3688 Nosti
1843 3617 2099 3710 quibus
2142 3617 2533 3689 tramitibus

377 3739 469 3810 ad
510 3737 799 3828 gloriam
840 3734 1259 3808 ascendisti:
1308 3736 1535 3809 versis
1577 3749 1759 3812 retro
1799 3738 2147 3830 vestigiis,
2203 3738 2363 3811 inde
2411 3740 2535 3812 de-

380 3840 759 3945 scenditur,
815 3870 886 3932 et
940 3870 1188 3932 natura
1237 3860 1496 3934 facilior
1543 3871 1654 3933 est
1701 3862 2109 3935 descensus.
2163 3862 2533 3936 Latissime

378 3983 559 4053 enim
610 3992 819 4075 patet,
880 4005 1111 4074 neque
1163 3984 1384 4055 solum
1434 3983 1622 4076 apud
1689 3984 1944 4056 inferos
2009 3987 2236 4057 locum
2289 3984 2529 4070 habet,

377 4107 565 4201 quod
605 4129 646 4178 a
700 4117 900 4201 poeta
940 4105 1221 4180 dicitur:
1267 4109 1482 4197 facilis
1531 4107 1875 4179 descensus
1925 4106 2194 4179 Averni.
2239 4110 2531 4181 Tantum

378 4232 468 4303 ab
508 4232 775 4303 illorum
828 4232 1197 4325 desperata
1239 4231 1518 4304 miseria
1560 4233 1931 4327 praesentis
1984 4233 2148 4303 vitae
2196 4233 2531 4304 varietate
