3104 4805
1005 333 1040 372 0

571 396 687 457 138
1243 408 1324 456 nn
1365 407 1567 456 nanus
1613 407 2059 458 rAumAmaus

571 554 681 625 sui
745 551 1052 644 negociis
1104 550 1292 646 apud
1340 551 1592 623 Sedem
1641 549 2108 646 Apostolicam
2156 554 2601 645 peregrinus;
2652 579 2737 631 ea

572 677 830 749 scilicet
868 683 1308 768 tempestate,
1351 696 1492 768 qua
1524 675 1706 746 inter
1736 677 2099 770 praefatum
2131 674 2490 749 dominum
2528 700 2734 752 sunm

569 809 642 872 et
681 800 1102 869 Francorum
1140 819 1377 890 regem
1412 797 1634 891 prima
1670 799 1977 871 diuturni
2013 799 2175 871 belli
2211 801 2479 874 semina
2511 806 2736 897 pullu-

569 921 827 1007 labant,
879 943 1043 1014 quae
1090 933 1449 994 cruentam
1501 945 1810 995 messem
1860 931 2104 1017 postea
2153 927 2534 1018 protulere:
2600 950 2731 1001 nec

567 1044 738 1117 dum
780 1045 1103 1137 repositae
1140 1046 1380 1130 falceS,
1426 1053 1548 1115 aut
1588 1047 1829 1116 clausa
1871 1054 2037 1117 sunt
2074 1046 2347 1117 horrea.
2391 1047 2530 1120 Sed
2563 1048 2729 1121 dum

568 1171 954 1265 promissor
992 1171 1108 1240 ille
1141 1191 1342 1240 meus
1384 1166 1691 1253 abiisset,
1738 1167 1892 1241 sive
1932 1167 2103 1238 nihil
2143 1169 2534 1255 inveniens,
2579 1172 2732 1243 sive

567 1293 842 1365 noviter
872 1292 1156 1363 iniuncti
1193 1290 1606 1386 pontificalis
1641 1291 1844 1362 officii
1880 1291 2080 1384 gravi
2114 1314 2403 1365 munere
2437 1294 2733 1367 distrac-

568 1427 712 1501 tuS,
781 1415 1105 1509 quamvis
1172 1436 1360 1510 saepe
1425 1414 1672 1488 litteris
1722 1415 2214 1510 interpellatus,
2266 1417 2731 1510 expectationi

567 1561 746 1610 meae
808 1560 948 1610 non
996 1539 1197 1610 aliter
1249 1560 1458 1632 quam
1508 1539 1855 1612 obstinato
1906 1539 2178 1611 silentio
2231 1538 2581 1610 satisfecit:
2636 1539 2732 1609 ita

569 1663 740 1733 mihi
766 1664 999 1760 Thyle,
1018 1663 1315 1734 amicitia
1349 1663 1752 1750 britannica,
1769 1663 1936 1734 nihil
1952 1663 2179 1735 notior
2203 1664 2382 1734 facta
2406 1671 2538 1733 est.
2565 1664 2731 1735 Post

569 1809 788 1859 annos
822 1809 993 1860 vero
1029 1787 1220 1858 venit
1252 1788 1321 1858 in
1356 1809 1607 1858 manus
1642 1808 1834 1859 meas
1868 1786 2139 1857 libellus
2174 1785 2262 1857 de
2297 1786 2730 1858 mirabilibus

568 1911 935 1996 Biberniae,
981 1934 1022 1983 a
1061 1910 1339 1983 Giraldo
1377 1911 1683 2004 quodam
1724 1910 1947 1981 aulico
1980 1908 2257 1980 Henrici
2292 1909 2590 1981 Secundi
2623 1932 2732 1980 re-

569 2034 679 2126 gis
718 2032 1129 2126 Anglorum,
1173 2035 1331 2105 licet
1371 2034 1560 2106 tenui
1602 2056 1840 2104 rerum
1885 2033 2071 2117 stilo,
2117 2055 2259 2104 non
2299 2032 2455 2104 rudi
2500 2042 2728 2104 tamen

566 2157 941 2229 verborum
983 2168 1131 2227 arte
1172 2166 1575 2228 contextus:
1627 2178 1838 2249 quem
1889 2178 1981 2227 ne
2028 2165 2249 2228 totum
2299 2154 2732 2228 bibliothecae

565 2290 826 2352 nostrae
865 2278 1129 2350 foribus
1165 2277 1643 2361 excluderem,
1685 2278 1924 2350 brevis
1959 2279 2282 2371 quaedam
2318 2279 2540 2374 ipsius
2576 2302 2733 2373 par-

569 2404 774 2474 ticula
814 2399 1215 2494 promeruit,
1246 2397 1367 2470 ubi
1392 2399 1482 2470 de
1516 2398 1647 2472 hac
1678 2400 1927 2472 eadem
1961 2401 2206 2488 insula,
2246 2414 2507 2476 nostrae
2542 2406 2733 2477 simi—

564 2525 649 2595 lis
715 2531 786 2592 et
850 2543 1145 2613 operosa
1196 2522 1536 2594 dubitatio
1586 2523 1849 2595 inserta
1900 2523 2008 2596 sit.
2062 2526 2303 2619 Itaque
2355 2529 2733 2600 similitudo

564 2668 704 2717 una
745 2645 1003 2736 ingenii
1043 2646 1212 2716 mihi
1254 2646 1463 2716 totius
1505 2647 1737 2740 operis
1788 2647 2302 2719 commendavit
2350 2662 2728 2723 auctorem.

564 2769 845 2862 Aliquot
882 2769 976 2838 1bi
1020 2768 1434 2862 scriptorum
1478 2768 1856 2839 sententias
1897 2769 2199 2858 attingit,
2245 2772 2433 2860 quod
2469 2771 2731 2843 insula-

567 2917 722 2964 rum
749 2894 1027 2978 Oceani,
1057 2913 1217 2987 quae
1241 2892 1422 2963 circa
1460 2890 1911 2972 Britanniam,
1958 2909 2210 2980 quaeve
2252 2888 2429 2960 inter
2469 2891 2728 2963 Arcton

564 3026 637 3088 et
675 3016 1015 3088 Occasum
1050 3025 1239 3101 sunt,
1281 3026 1598 3086 extrema
1632 3012 1721 3083 sit
1762 3011 2010 3107 Thyle:
2052 3011 2174 3083 ubi
2211 3011 2492 3096 aestivo,
2536 3015 2726 3084 nulla

566 3162 733 3224 noX,
779 3140 1073 3211 brumali
1108 3148 1345 3211 contra
1388 3137 1700 3223 solstitio,
1729 3138 1917 3207 nulla
1941 3134 2119 3207 dies:
2162 3138 2344 3208 ultra
2374 3160 2587 3230 quam
2620 3137 2727 3232 pi-

568 3286 772 3355 grum
814 3274 1022 3356 atque
1064 3273 1459 3335 concretum
1512 3261 1736 3333 iaceat
1786 3282 1998 3332 mare.
2052 3259 2162 3332 Ad
2213 3260 2367 3332 haec
2415 3260 2725 3332 Solinum

565 3395 638 3459 et
673 3386 1017 3459 Isidorum
1058 3395 1278 3459 testes
1312 3386 1504 3458 citat:
1557 3386 1866 3477 ignotam
1924 3384 2370 3456 nihilominus
2428 3386 2729 3457 insulam

565 3510 932 3594 occidenti,
976 3513 1378 3604 nullamque
1418 3509 1631 3581 huius
1668 3512 1780 3580 vel
1814 3520 2085 3582 naturae
2113 3511 2231 3580 vel
2264 3510 2561 3582 nominis
2595 3509 2730 3580 illic

564 3654 726 3706 esse
749 3632 1132 3706 confirmat.
1161 3633 1468 3727 Ideoque
1490 3632 1957 3704 coniecturam
1995 3652 2326 3725 sequenS,
2365 3641 2487 3702 aut
2515 3633 2732 3703 famo-

568 3777 746 3841 sam,
794 3757 922 3828 sed
961 3756 1370 3840 fabulosam,
1409 3757 1712 3827 insulam
1747 3755 2132 3827 existimat:
2168 3763 2290 3826 aut
2324 3752 2592 3825 infinito
2641 3751 2731 3824 ab

566 3880 719 3949 aliis
772 3880 994 3975 spatio
1046 3890 1409 3965 secretam,
1462 3901 1815 3973 nusquam
1866 3879 2054 3963 alibi,
2109 3900 2318 3971 qnam
2361 3878 2431 3947 in
2474 3877 2729 3948 intimis

567 3997 866 4071 borealis
906 4002 1159 4074 Oceani
1201 4003 1621 4089 secessibuS‚
1660 4003 2181 4097 requirendam:
2215 4001 2416 4074 cuius
2452 4008 2729 4071 senten-

568 4116 683 4187 tiae
731 4119 1301 4214 adstipulatorem
1357 4124 1521 4196 facit
1569 4126 1914 4197 Orosium.
1968 4127 2246 4197 Poterat
2291 4132 2362 4194 et
2411 4119 2729 4193 Claudia-

568 4261 753 4325 num,
770 4238 907 4325 ubi,
939 4242 1356 4337 Hyperboreo
1374 4245 1755 4319 damnatam
1783 4246 1993 4318 sidere
2032 4247 2299 4339 Thylen,
2318 4243 2436 4316 ait.
2453 4244 2597 4314 Hoc
2625 4254 2726 4315 ta-
