3104 4805
963 418 1149 468 unsa
1193 406 1878 467 snmus-amsrom
1922 418 2008 465 m.
2445 402 2560 465 329

415 587 662 637 servus
708 586 819 647 es;
865 565 1002 637 scis
1052 565 1222 658 quid
1271 564 1365 635 illi
1429 565 1864 636 conveneris.
1934 562 2095 648 Sile,
2164 564 2559 656 patientiam

412 687 612 759 habe.
664 689 816 759 Non
859 698 924 760 te
988 709 1273 781 possum
1332 686 1556 780 aequis
1597 686 1883 757 auribus
1951 686 2213 757 audire.
2271 688 2564 760 Perinde

415 809 580 878 mihi
621 819 1091 904 paupertatem
1134 810 1384 893 defleS,
1428 810 1633 904 quasi
1683 809 2001 892 nesciaS,
2049 808 2310 880 nudum
2354 820 2422 880 te
2462 812 2567 881 in-

415 941 637 1005 trasse
674 933 744 1002 in
785 932 964 1004 hanc
1007 933 1248 1017 vitam,
1295 933 1556 1004 nudum
1593 953 2079 1025 egressurum3
2107 939 2179 1001 et
2204 931 2405 1022 quasi
2429 953 2565 1004 non

414 1068 890 1149 paupertatem
926 1056 1209 1140 Christi,
1259 1056 1385 1128 sed
1427 1055 1649 1128 Croesi
1698 1054 1976 1127 divitias
2033 1054 2129 1124 sis
2182 1056 2565 1146 professus,

417 1178 636 1249 Crede
677 1177 876 1262 mihi,
920 1188 1141 1272 pater3
1183 1189 1555 1274 paupertas
1597 1197 1783 1273 saepe
1826 1176 2059 1247 multis
2097 1176 2284 1247 utilis
2326 1176 2416 1248 ad
2459 1197 2570 1246 sa-

415 1302 627 1372 lutem
666 1302 809 1372 fuit.
853 1302 1031 1372 Nulli
1075 1324 1378 1394 unquam
1421 1302 1712 1387 inutilis,
1758 1302 1895 1373 nisi
1933 1301 2045 1371 his
2086 1300 2205 1394 qui
2245 1322 2399 1371 eam
2444 1299 2572 1370 im-

413 1423 741 1518 patientia
778 1436 849 1496 et
887 1424 1205 1496 lamentis
1239 1435 1681 1519 exasperant.
1721 1423 1871 1495 Tibi
1906 1424 2187 1517 quidem
2222 1424 2401 1497 adeo
2435 1447 2572 1497 non

418 1554 683 1616 tantum
738 1548 949 1632 utilis,
996 1548 1124 1619 sed
1163 1546 1562 1620 necessaria
1611 1556 1682 1617 et
1742 1548 2067 1620 salutaris
2100 1556 2231 1634 est,
2301 1557 2380 1619 ut
2420 1548 2571 1621 sine

419 1668 533 1738 illa
598 1690 820 1761 neque
886 1673 1127 1743 salvus
1192 1692 1385 1756 esse,
1453 1692 1683 1764 neque
1723 1670 2016 1743 creatori
2080 1680 2196 1743 tuo
2262 1671 2571 1766 potueris

421 1801 615 1883 pacta
661 1814 966 1865 servare.
1010 1796 1172 1867 Haec
1213 1795 1283 1864 in
1323 1814 1641 1886 praesens
1697 1791 1787 1862 de
1853 1794 2148 1864 honesta
2205 1805 2276 1863 et
2341 1794 2571 1865 sobria

420 1925 823 2007 paupertate
861 1918 1413 2007 perstrinxerim.
1467 1918 1589 1988 Illa
1638 1917 1820 1987 enim
1865 1916 2255 2012 importuna
2303 1928 2375 1989 et
2424 1939 2574 1988 sor-

418 2036 604 2121 dida,
664 2059 826 2130 quae
878 2042 1096 2133 turpis
1151 2052 1433 2131 egestas
1492 2039 1680 2135 apud
1746 2050 2017 2132 poetam
2084 2039 2361 2121 dicitur,
2432 2041 2574 2110 Deo

421 2160 710 2250 gratias,
766 2172 830 2231 te
888 2184 1023 2233 non
1091 2163 1339 2254 tangit3
1405 2163 1496 2235 ad
1562 2186 1770 2256 quam
1837 2163 2223 2234 leniendam
2290 2162 2573 2233 maioris

421 2284 834 2376 eloquentiae
906 2284 1176 2356 viribus
1226 2306 1400 2379 opus
1464 2297 1676 2358 esset.
1754 2287 1897 2357 Iam
1973 2285 2132 2357 hinc
2197 2285 2285 2357 ad
2360 2284 2573 2378 poda-

424 2430 572 2500 grae
615 2409 918 2480 remedia
959 2408 1380 2480 veniendum
1414 2419 1543 2481 est.
1589 2410 1693 2480 Oh
1738 2410 1798 2480 si
1839 2409 1997 2504 quis
2032 2432 2116 2482 eo
2149 2409 2392 2481 morbo
2426 2420 2574 2481 ten-

426 2542 537 2602 tus
605 2529 671 2600 in
739 2532 918 2603 hanc
966 2533 1275 2626 epistolae
1323 2542 1587 2630 partem
1656 2534 1830 2603 forte
1895 2535 2130 2605 oculos
2181 2532 2570 2618 coniecerit,

422 2676 631 2745 quam
695 2664 901 2746 putas
970 2677 1163 2748 spem
1223 2655 1559 2749 concipiet
1623 2655 1903 2728 fomenti
1967 2657 2379 2748 cuiuspiam,
2456 2665 2577 2728 aut

423 2779 760 2870 pulveris,
804 2790 923 2851 aut
961 2779 1222 2850 lenitivi
1260 2780 1761 2873 cuiuscumque
1801 2778 2114 2851 consilii?
2162 2778 2446 2850 Desinat
2483 2801 2578 2850 ex

423 2923 535 2972 me
576 2902 736 2974 talia
786 2925 1090 2998 sperare.
1131 2906 1302 2976 Volo
1354 2901 1574 2975 labori
1641 2924 1769 2973 suo
1839 2923 2152 2996 parcere:
2216 2902 2276 2972 si
2323 2923 2416 2973 ex
2466 2900 2577 2971 his

419 3025 664 3098 litteris
700 3027 833 3099 hoc
872 3037 1134 3121 sperat,
1178 3026 1471 3098 ulterius
1512 3047 1651 3095 non
1691 3027 1898 3116 legat.
1946 3024 2168 3096 Huius
2220 3024 2405 3094 enim
2456 3045 2579 3115 ge—

422 3150 611 3220 neris
651 3149 957 3221 remedia
997 3149 1417 3221 medicorum
1472 3146 1886 3219 eruditiores
1939 3168 2192 3239 magna
2241 3168 2336 3215 ex
2384 3154 2580 3238 parte

423 3271 815 3363 desperant.
889 3272 1214 3362 Reliquos
1274 3270 1332 3341 si
1393 3271 1748 3353 consulas,
1829 3269 1993 3338 nihil
2059 3266 2317 3339 homini
2381 3265 2578 3337 diviti

424 3389 969 3482 desperandum,
1009 3391 1176 3461 nihil
1202 3390 1386 3481 inopi
1421 3391 1845 3479 sperandum
1874 3389 2137 3470 dicent3
2163 3410 2318 3458 cum
2349 3397 2579 3458 tamen

429 3512 686 3604 saepius
719 3513 1015 3584 divitum
1050 3511 1296 3583 domos
1337 3511 1492 3581 haec
1531 3510 1749 3602 pestis
1791 3509 2145 3581 inhabitet.
2184 3510 2251 3579 Si
2286 3510 2417 3582 hos
2450 3509 2581 3602 igi-

426 3646 540 3706 tur
579 3635 821 3705 audire
857 3633 1195 3717 volueris,
1239 3632 1673 3728 praestabunt
1721 3632 1843 3702 tihi
1889 3644 1961 3704 ut
2001 3632 2177 3705 inter
2215 3634 2575 3726 angustias

426 3768 850 3852 praesentum
905 3756 1221 3828 dolorum
1272 3766 1344 3827 et
1392 3757 1644 3825 futurae
1695 3755 2007 3826 sanitatis
2060 3778 2253 3850 spem
2306 3778 2577 3851 semper

427 3879 681 3971 ligatus
726 3881 976 3963 ululeS,
1022 3902 1297 3975 semper
1336 3880 1490 3951 oleo
1531 3877 1830 3950 tristitiae
1880 3888 2130 3951 unctus
2187 3891 2393 3974 atque
2448 3903 2576 3952 un-

429 4003 706 4093 guentis
746 4003 1068 4075 madidus
1103 4003 1543 4094 ingemiscas.
1589 4003 1741 4096 Ego
1775 4024 1944 4075 vero
1987 4014 2054 4073 te
2090 4003 2347 4075 siccum
2388 4007 2576 4075 solu-

431 4135 715 4218 tumque
739 4148 820 4198 ac
846 4126 1131 4198 liberum
1157 4126 1393 4199 dolere
1424 4125 1805 4198 maluerim.
1834 4126 2071 4209 Diaeta,
2098 4127 2446 4211 exercitio,
2474 4129 2573 4197 la—

431 4248 710 4322 boribus
737 4252 1081 4324 adversus
1108 4273 1365 4324 novum
1383 4252 1652 4323 hostem
1680 4250 1975 4323 solidare
1995 4254 2478 4347 corpusculum
2501 4258 2573 4317 et
