3104 4805
635 388 754 446 40ss

1299 533 1674 597 FRANCISCI
1715 531 2118 597 PETRARCAE

919 753 1056 829 DE
1165 751 1534 830 REBUS
1647 749 2502 829 FAMILIARIBUS

1274 987 1577 1057 LIBER
1655 983 2148 1055 OCTAVUS.

1642 1286 1796 1296 m...

1497 1523 1849 1588 EPISTOLA
1891 1527 1930 1587 1.

677 1722 1064 1771 FRANCISCUS
1100 1719 1430 1770 PETRARCA
1479 1718 1813 1767 STEPHANO
1849 1717 2164 1766 COLUMNAE
2199 1715 2451 1765 SENIORI
2493 1716 2545 1763 S.
2592 1716 2643 1761 P.
2688 1714 2752 1760 D.

779 1902 1105 1957 Consolatur
1131 1901 1200 1955 de
1231 1907 1407 1955 morte
1436 1900 1698 1954 Iohannis
1729 1899 2036 1955 Cardinalis
2064 1900 2160 1971 qui
2192 1915 2336 1954 unus
2364 1905 2652 1970 supererat

1522 2003 1590 2039 ex
1619 1987 1745 2041 filiis
1772 1989 1910 2042 eius.

835 2234 981 2302 Heu
1026 2229 1420 2300 miserande
1466 2231 1732 2299 senex!
1775 2231 1926 2300 Heu
1972 2229 2496 2300 vivacissimum
2537 2230 2786 2320 caput!

639 2354 792 2435 Quo
831 2351 1076 2446 piaculi
1130 2371 1385 2441 genere
1436 2352 1689 2421 coelum
1741 2351 2138 2423 offendisti?
2187 2349 2368 2433 Quid
2410 2349 2657 2432 fecisti,
2718 2358 2796 2419 ut

644 2484 778 2545 tam
847 2474 1075 2561 longae
1145 2468 1310 2541 vitae
1376 2471 1712 2562 supplicio
1778 2472 2174 2563 punireris?
2241 2472 2560 2541 Metellus
2618 2472 2795 2540 alter

638 2591 1006 2672 dicebaris,
1076 2612 1206 2660 nec
1269 2588 1631 2660 immerito.
1685 2592 1930 2661 Omnia
1981 2601 2486 2663 convenerant:
2540 2590 2791 2681 patria,
2844 2672 2848 2679 ‚

640 2733 891 2803 genuS‚
962 2714 1202 2792 forma,
1256 2708 1549 2792 divitiae,
1605 2712 1900 2804 aliaeque
1963 2713 2273 2807 corporis
2323 2721 2532 2803 atque
2585 2710 2793 2780 animi

610 2831 1027 2935 ¹singulares
1067 2842 1138 2901 et
1177 2830 1622 2903 admirabiles
1662 2832 1863 2905 dotes
1897 2861 1910 2902 ε
1955 2855 2135 2905 uxor
2175 2855 2452 2926 quoque
2491 2831 2788 2903 clarissi-

636 2974 781 3040 ma,
808 2963 879 3023 et
915 2952 1155 3023 uxoris
1191 2974 1533 3043 generosa
1576 2954 2010 3038 foecunditas,
2051 2965 2121 3024 et
2153 2953 2535 3026 consularis
2568 2949 2794 3040 digni-

640 3084 773 3158 taS‚
826 3083 899 3144 et
946 3074 1015 3142 in
1068 3074 1395 3144 Romanis
1463 3073 1895 3145 exercitibus
1963 3075 2229 3168 imperii
2295 3073 2664 3163 fastigium,
2719 3080 2796 3141 et

639 3196 1080 3267 victoriarum
1123 3215 1203 3265 ac
1244 3194 1749 3286 triumphorum
1804 3194 2016 3266 tituli:
2071 3206 2398 3266 senectus
2440 3198 2785 3284 longaeva,

637 3326 710 3385 et
772 3316 1184 3386 inconcussa
1250 3336 1473 3406 usque
1535 3315 1671 3385 sub
1737 3316 2053 3387 ultimum
2122 3318 2415 3386 fortuna.
2485 3314 2555 3383 Si
2619 3312 2783 3403 quid

637 3435 818 3506 enim
886 3436 1170 3507 adversi
1223 3436 1693 3507 intermiscere
1751 3437 2093 3508 hactenus
2143 3458 2315 3507 ausa
2371 3445 2506 3516 est,
2559 3432 2789 3525 qualia

637 3558 853 3627 multa
917 3556 1202 3626 famosis
1255 3557 1854 3650 persecutionibus
1908 3558 2279 3650 pertulisti,
2334 3557 2493 3627 fecit
2541 3557 2672 3627 hoc
2720 3566 2798 3625 ut

638 3676 1012 3769 asperitate
1076 3676 1330 3767 insigni
1396 3677 1918 3769 abstergeretur
1974 3690 2042 3749 et
2093 3680 2509 3749 enitesceret
2556 3677 2797 3767 gloriae

640 3806 779 3867 tuae
813 3798 1052 3869 decus,
1096 3800 1285 3869 Hanc
1328 3799 1448 3869 tibi
1493 3798 1698 3871 fidem
1743 3823 1959 3894 prope
1999 3801 2088 3872 ad
2131 3799 2587 3870 centesimum
2630 3796 2797 3866 vitae

637 3939 893 3989 annum
935 3921 1206 3990 fortuna
1250 3904 1672 3992 servaverat.
1719 3922 1808 3991 Et
1850 3932 1923 3992 tu
1966 3921 2292 4005 similiter,
2341 3921 2408 3989 in
2450 3919 2619 3990 orbe
2660 3929 2798 3988 ter-

638 4057 869 4106 rarum
913 4047 984 4108 et
1025 4037 1093 4106 in
1134 4037 1322 4109 orbis
1377 4039 1621 4129 regina
1664 4039 1836 4110 urbe
1887 4040 2210 4133 princeps
2253 4051 2476 4122 natuS‚
2517 4048 2797 4133 poteras

640 4152 753 4222 ubi
797 4156 883 4225 de
924 4159 1239 4229 felicitate
1281 4160 1536 4249 agitur,
1597 4182 1681 4229 ea
1734 4161 1990 4231 scilicet
2040 4182 2200 4250 quae
2254 4158 2514 4253 sperari
2566 4165 2799 4248 potcst-
