<?xml version="1.0" encoding="UTF-8"?>
<!DOCTYPE html PUBLIC "-//W3C//DTD XHTML 1.0 Transitional//EN"
    "http://www.w3.org/TR/xhtml1/DTD/xhtml1-transitional.dtd">
<html xmlns="http://www.w3.org/1999/xhtml" xml:lang="en" lang="en">
 <head>
  <title>
</title>
<meta http-equiv="Content-Type" content="text/html;charset=utf-8" />
  <meta name='ocr-system' content='tesseract 3.04.00' />
  <meta name='ocr-capabilities' content='ocr_page ocr_carea ocr_par ocr_line ocrx_word'/>
</head>
<body>
  <div class='ocr_page' id='page_1' title='image "./epistolaederebu00unkngoog_0227.png"; bbox 0 0 3104 4805; ppageno 0'>
   <div class='ocr_carea' id='block_1_1' title="bbox 949 374 2536 437">
    <p class='ocr_par' dir='ltr' id='par_1_1' title="bbox 949 374 2536 437">
     <span class='ocr_line' id='line_1_1' title="bbox 949 374 2536 437; baseline -0.003 -7"><span class='ocrx_word' id='word_1_1' title='bbox 949 381 1134 430; x_wconf 71' lang='lat' dir='ltr'><strong>1,le</strong></span> <span class='ocrx_word' id='word_1_2' title='bbox 1172 380 1419 430; x_wconf 69' lang='lat' dir='ltr'><strong>Paulus.</strong></span> <span class='ocrx_word' id='word_1_3' title='bbox 1439 398 1519 412; x_wconf 91' lang='grc'><strong>·-</strong></span> <span class='ocrx_word' id='word_1_4' title='bbox 1538 378 1847 428; x_wconf 75' lang='lat' dir='ltr'><strong>EPISTULA</strong></span> <span class='ocrx_word' id='word_1_5' title='bbox 1887 379 1989 428; x_wconf 83' lang='lat' dir='ltr'><strong>vn.</strong></span> <span class='ocrx_word' id='word_1_6' title='bbox 2459 374 2536 437; x_wconf 81' lang='grc'><strong>59</strong></span> 
     </span>
    </p>
   </div>
   <div class='ocr_carea' id='block_1_2' title="bbox 364 528 2552 4316">
    <p class='ocr_par' dir='ltr' id='par_1_2' title="bbox 364 528 2552 4316">
     <span class='ocr_line' id='line_1_2' title="bbox 402 528 2541 622; baseline -0.002 -15"><span class='ocrx_word' id='word_1_7' title='bbox 402 531 591 607; x_wconf 86' lang='lat' dir='ltr'><strong>baud</strong></span> <span class='ocrx_word' id='word_1_8' title='bbox 622 532 837 603; x_wconf 90' lang='lat' dir='ltr'><strong>multo</strong></span> <span class='ocrx_word' id='word_1_9' title='bbox 868 531 1208 602; x_wconf 88' lang='lat' dir='ltr'><strong>maiorum</strong></span> <span class='ocrx_word' id='word_1_10' title='bbox 1247 528 1587 601; x_wconf 83' lang='lat' dir='ltr'><strong>vermium</strong></span> <span class='ocrx_word' id='word_1_11' title='bbox 1618 530 1959 622; x_wconf 82' lang='lat' dir='ltr'><strong>exemplo,</strong></span> <span class='ocrx_word' id='word_1_12' title='bbox 1996 550 2291 622; x_wconf 88' lang='lat' dir='ltr'><strong>quorum</strong></span> <span class='ocrx_word' id='word_1_13' title='bbox 2314 553 2407 603; x_wconf 87' lang='lat' dir='ltr'><strong>ex</strong></span> <span class='ocrx_word' id='word_1_14' title='bbox 2434 534 2541 606; x_wconf 90' lang='lat' dir='ltr'><strong>vi-</strong></span> 
     </span>
     <span class='ocr_line' id='line_1_3' title="bbox 405 651 2542 748; baseline 0 -18"><span class='ocrx_word' id='word_1_15' title='bbox 405 655 715 730; x_wconf 80' lang='lat' dir='ltr'><strong>sceribus</strong></span> <span class='ocrx_word' id='word_1_16' title='bbox 763 654 1060 727; x_wconf 90' lang='lat' dir='ltr'><strong>sericum</strong></span> <span class='ocrx_word' id='word_1_17' title='bbox 1111 653 1366 746; x_wconf 84' lang='lat' dir='ltr'>prodit,</span> <span class='ocrx_word' id='word_1_18' title='bbox 1424 675 1517 724; x_wconf 82' lang='lat' dir='ltr'><strong>ex</strong></span> <span class='ocrx_word' id='word_1_19' title='bbox 1569 673 1646 723; x_wconf 92' lang='lat' dir='ltr'><strong>se</strong></span> <span class='ocrx_word' id='word_1_20' title='bbox 1693 651 1846 745; x_wconf 87' lang='lat' dir='ltr'><strong>ipso</strong></span> <span class='ocrx_word' id='word_1_21' title='bbox 1898 674 2144 745; x_wconf 90' lang='lat' dir='ltr'><strong>sapere</strong></span> <span class='ocrx_word' id='word_1_22' title='bbox 2192 656 2419 748; x_wconf 88' lang='lat' dir='ltr'><strong>potius</strong></span> <span class='ocrx_word' id='word_1_23' title='bbox 2470 670 2542 730; x_wconf 88' lang='lat' dir='ltr'><strong>et</strong></span> 
     </span>
     <span class='ocr_line' id='line_1_4' title="bbox 400 774 2542 874; baseline -0.001 -22"><span class='ocrx_word' id='word_1_24' title='bbox 400 780 614 874; x_wconf 91' lang='lat' dir='ltr'><strong>loqui,</strong></span> <span class='ocrx_word' id='word_1_25' title='bbox 668 777 1043 851; x_wconf 90' lang='lat' dir='ltr'><strong>dummodo</strong></span> <span class='ocrx_word' id='word_1_26' title='bbox 1088 788 1160 849; x_wconf 91' lang='lat' dir='ltr'><strong>et</strong></span> <span class='ocrx_word' id='word_1_27' title='bbox 1208 799 1458 849; x_wconf 89' lang='lat' dir='ltr'><strong>sensus</strong></span> <span class='ocrx_word' id='word_1_28' title='bbox 1507 774 1744 867; x_wconf 82' lang='lat' dir='ltr'><strong>gravis</strong></span> <span class='ocrx_word' id='word_1_29' title='bbox 1795 798 1877 848; x_wconf 92' lang='lat' dir='ltr'><strong>ac</strong></span> <span class='ocrx_word' id='word_1_30' title='bbox 1923 798 2160 862; x_wconf 76' lang='lat' dir='ltr'><strong>veruS,</strong></span> <span class='ocrx_word' id='word_1_31' title='bbox 2205 789 2277 849; x_wconf 89' lang='lat' dir='ltr'><strong>et</strong></span> <span class='ocrx_word' id='word_1_32' title='bbox 2315 799 2542 851; x_wconf 91' lang='lat' dir='ltr'><strong>sermo</strong></span> 
     </span>
     <span class='ocr_line' id='line_1_5' title="bbox 399 898 2545 995; baseline 0.001 -22"><span class='ocrx_word' id='word_1_33' title='bbox 399 911 588 974; x_wconf 88' lang='lat' dir='ltr'><strong>esset</strong></span> <span class='ocrx_word' id='word_1_34' title='bbox 641 911 949 973; x_wconf 75' lang='lat' dir='ltr'><strong>ornatus,</strong></span> <span class='ocrx_word' id='word_1_35' title='bbox 998 901 1259 971; x_wconf 86' lang='lat' dir='ltr'><strong>Verum</strong></span> <span class='ocrx_word' id='word_1_36' title='bbox 1306 898 1473 993; x_wconf 87' lang='lat' dir='ltr'><strong>quia</strong></span> <span class='ocrx_word' id='word_1_37' title='bbox 1520 898 1655 971; x_wconf 90' lang='lat' dir='ltr'><strong>boc</strong></span> <span class='ocrx_word' id='word_1_38' title='bbox 1703 910 1822 971; x_wconf 89' lang='lat' dir='ltr'><strong>aut</strong></span> <span class='ocrx_word' id='word_1_39' title='bbox 1868 901 2036 971; x_wconf 90' lang='lat' dir='ltr'><strong>nulli</strong></span> <span class='ocrx_word' id='word_1_40' title='bbox 2084 924 2373 995; x_wconf 89' lang='lat' dir='ltr'><strong>prorsus</strong></span> <span class='ocrx_word' id='word_1_41' title='bbox 2425 913 2545 975; x_wconf 89' lang='lat' dir='ltr'><strong>aut</strong></span> 
     </span>
     <span class='ocr_line' id='line_1_6' title="bbox 400 1022 2547 1118; baseline -0 -21"><span class='ocrx_word' id='word_1_42' title='bbox 400 1024 835 1118; x_wconf 79' lang='lat' dir='ltr'><strong>paucissimis</strong></span> <span class='ocrx_word' id='word_1_43' title='bbox 876 1023 1114 1095; x_wconf 86' lang='lat' dir='ltr'><strong>datum</strong></span> <span class='ocrx_word' id='word_1_44' title='bbox 1143 1032 1275 1107; x_wconf 89' lang='lat' dir='ltr'><strong>est,</strong></span> <span class='ocrx_word' id='word_1_45' title='bbox 1311 1024 1613 1093; x_wconf 83' lang='lat' dir='ltr'><strong>feramus</strong></span> <span class='ocrx_word' id='word_1_46' title='bbox 1644 1022 2122 1114; x_wconf 63' lang='lat' dir='ltr'><strong>aequanimiter</strong></span> <span class='ocrx_word' id='word_1_47' title='bbox 2147 1026 2398 1117; x_wconf 82' lang='lat' dir='ltr'><strong>ingenii</strong></span> <span class='ocrx_word' id='word_1_48' title='bbox 2421 1048 2547 1097; x_wconf 93' lang='lat' dir='ltr'><strong>no-</strong></span> 
     </span>
     <span class='ocr_line' id='line_1_7' title="bbox 390 1144 2542 1241; baseline 0.001 -22"><span class='ocrx_word' id='word_1_49' title='bbox 390 1149 529 1221; x_wconf 84' lang='lat' dir='ltr'><strong>stri</strong></span> <span class='ocrx_word' id='word_1_50' title='bbox 569 1158 851 1231; x_wconf 79' lang='lat' dir='ltr'><strong>sortem,</strong></span> <span class='ocrx_word' id='word_1_51' title='bbox 894 1169 1023 1219; x_wconf 87' lang='lat' dir='ltr'><strong>nec</strong></span> <span class='ocrx_word' id='word_1_52' title='bbox 1062 1144 1419 1217; x_wconf 85' lang='lat' dir='ltr'><strong>altioribus</strong></span> <span class='ocrx_word' id='word_1_53' title='bbox 1455 1145 1873 1231; x_wconf 81' lang='lat' dir='ltr'><strong>invidentes,</strong></span> <span class='ocrx_word' id='word_1_54' title='bbox 1917 1168 2048 1217; x_wconf 92' lang='lat' dir='ltr'><strong>nec</strong></span> <span class='ocrx_word' id='word_1_55' title='bbox 2087 1146 2542 1241; x_wconf 77' lang='lat' dir='ltr'><strong>despicientes</strong></span> 
     </span>
     <span class='ocr_line' id='line_1_8' title="bbox 404 1267 2543 1365; baseline -0 -21"><span class='ocrx_word' id='word_1_56' title='bbox 404 1273 521 1365; x_wconf 87' lang='lat' dir='ltr'><strong>qui</strong></span> <span class='ocrx_word' id='word_1_57' title='bbox 554 1273 728 1344; x_wconf 85' lang='lat' dir='ltr'><strong>infra</strong></span> <span class='ocrx_word' id='word_1_58' title='bbox 757 1293 885 1343; x_wconf 85' lang='lat' dir='ltr'><strong>nos</strong></span> <span class='ocrx_word' id='word_1_59' title='bbox 928 1280 1112 1355; x_wconf 86' lang='lat' dir='ltr'><strong>sunt,</strong></span> <span class='ocrx_word' id='word_1_60' title='bbox 1154 1290 1281 1341; x_wconf 90' lang='lat' dir='ltr'><strong>nec</strong></span> <span class='ocrx_word' id='word_1_61' title='bbox 1328 1267 1611 1361; x_wconf 86' lang='lat' dir='ltr'><strong>paribus</strong></span> <span class='ocrx_word' id='word_1_62' title='bbox 1662 1268 2052 1361; x_wconf 91' lang='lat' dir='ltr'><strong>importuni.</strong></span> <span class='ocrx_word' id='word_1_63' title='bbox 2105 1270 2260 1343; x_wconf 91' lang='lat' dir='ltr'><strong>Scio</strong></span> <span class='ocrx_word' id='word_1_64' title='bbox 2311 1283 2543 1343; x_wconf 84' lang='lat' dir='ltr'><strong>autem</strong></span> 
     </span>
     <span class='ocr_line' id='line_1_9' title="bbox 402 1390 2548 1489; baseline -0.001 -21"><span class='ocrx_word' id='word_1_65' title='bbox 402 1396 572 1489; x_wconf 90' lang='lat' dir='ltr'><strong>quid</strong></span> <span class='ocrx_word' id='word_1_66' title='bbox 608 1406 682 1467; x_wconf 90' lang='lat' dir='ltr'><strong>tu</strong></span> <span class='ocrx_word' id='word_1_67' title='bbox 714 1417 898 1466; x_wconf 87' lang='lat' dir='ltr'><strong>nunc</strong></span> <span class='ocrx_word' id='word_1_68' title='bbox 932 1392 1180 1466; x_wconf 88' lang='lat' dir='ltr'><strong>tacitus</strong></span> <span class='ocrx_word' id='word_1_69' title='bbox 1214 1390 1409 1464; x_wconf 90' lang='lat' dir='ltr'><strong>dicis.</strong></span> <span class='ocrx_word' id='word_1_70' title='bbox 1442 1392 1662 1463; x_wconf 87' lang='lat' dir='ltr'><strong>Homo</strong></span> <span class='ocrx_word' id='word_1_71' title='bbox 1695 1391 1807 1463; x_wconf 92' lang='lat' dir='ltr'><strong>bic</strong></span> <span class='ocrx_word' id='word_1_72' title='bbox 1846 1414 1956 1464; x_wconf 92' lang='lat' dir='ltr'><strong>me</strong></span> <span class='ocrx_word' id='word_1_73' title='bbox 1989 1414 2032 1463; x_wconf 91' lang='lat' dir='ltr'><strong>a</strong></span> <span class='ocrx_word' id='word_1_74' title='bbox 2066 1394 2294 1465; x_wconf 88' lang='lat' dir='ltr'><strong>studio</strong></span> <span class='ocrx_word' id='word_1_75' title='bbox 2330 1405 2548 1466; x_wconf 89' lang='lat' dir='ltr'><strong>retra-</strong></span> 
     </span>
     <span class='ocr_line' id='line_1_10' title="bbox 401 1514 2547 1609; baseline -0.001 -19"><span class='ocrx_word' id='word_1_76' title='bbox 401 1520 526 1605; x_wconf 89' lang='lat' dir='ltr'><strong>hit,</strong></span> <span class='ocrx_word' id='word_1_77' title='bbox 567 1529 639 1590; x_wconf 90' lang='lat' dir='ltr'><strong>et</strong></span> <span class='ocrx_word' id='word_1_78' title='bbox 677 1518 768 1590; x_wconf 92' lang='lat' dir='ltr'><strong>ab</strong></span> <span class='ocrx_word' id='word_1_79' title='bbox 799 1516 1141 1588; x_wconf 84' lang='lat' dir='ltr'><strong>industria</strong></span> <span class='ocrx_word' id='word_1_80' title='bbox 1179 1514 1614 1600; x_wconf 82' lang='lat' dir='ltr'><strong>dehortatur,</strong></span> <span class='ocrx_word' id='word_1_81' title='bbox 1651 1515 1818 1585; x_wconf 91' lang='lat' dir='ltr'><strong>dum</strong></span> <span class='ocrx_word' id='word_1_82' title='bbox 1857 1516 2192 1607; x_wconf 79' lang='lat' dir='ltr'><strong>patienter</strong></span> <span class='ocrx_word' id='word_1_83' title='bbox 2223 1517 2547 1609; x_wconf 80' lang='lat' dir='ltr'><strong>ignoran-</strong></span> 
     </span>
     <span class='ocr_line' id='line_1_11' title="bbox 404 1636 2547 1731; baseline -0.002 -16"><span class='ocrx_word' id='word_1_84' title='bbox 404 1644 563 1715; x_wconf 83' lang='lat' dir='ltr'><strong>tiam</strong></span> <span class='ocrx_word' id='word_1_85' title='bbox 597 1645 776 1713; x_wconf 83' lang='lat' dir='ltr'><strong>ferre</strong></span> <span class='ocrx_word' id='word_1_86' title='bbox 806 1641 1026 1713; x_wconf 89' lang='lat' dir='ltr'><strong>docet.</strong></span> <span class='ocrx_word' id='word_1_87' title='bbox 1067 1640 1220 1731; x_wconf 81' lang='lat' dir='ltr'><strong>Ego</strong></span> <span class='ocrx_word' id='word_1_88' title='bbox 1257 1660 1430 1711; x_wconf 89' lang='lat' dir='ltr'><strong>vero</strong></span> <span class='ocrx_word' id='word_1_89' title='bbox 1467 1637 1635 1707; x_wconf 83' lang='lat' dir='ltr'><strong>nihil</strong></span> <span class='ocrx_word' id='word_1_90' title='bbox 1674 1636 1901 1727; x_wconf 79' lang='lat' dir='ltr'><strong>magis</strong></span> <span class='ocrx_word' id='word_1_91' title='bbox 1940 1639 2328 1710; x_wconf 90' lang='lat' dir='ltr'><strong>cavendum</strong></span> <span class='ocrx_word' id='word_1_92' title='bbox 2362 1640 2547 1712; x_wconf 88' lang='lat' dir='ltr'><strong>arbi-</strong></span> 
     </span>
     <span class='ocr_line' id='line_1_12' title="bbox 404 1759 2544 1857; baseline -0.002 -20"><span class='ocrx_word' id='word_1_93' title='bbox 404 1776 569 1850; x_wconf 89' lang='lat' dir='ltr'><strong>tror,</strong></span> <span class='ocrx_word' id='word_1_94' title='bbox 599 1784 808 1857; x_wconf 90' lang='lat' dir='ltr'><strong>quam</strong></span> <span class='ocrx_word' id='word_1_95' title='bbox 840 1786 928 1835; x_wconf 93' lang='lat' dir='ltr'><strong>ne</strong></span> <span class='ocrx_word' id='word_1_96' title='bbox 958 1761 1238 1855; x_wconf 79' lang='lat' dir='ltr'><strong>ignavia</strong></span> <span class='ocrx_word' id='word_1_97' title='bbox 1268 1769 1718 1833; x_wconf 81' lang='lat' dir='ltr'><strong>consenescat</strong></span> <span class='ocrx_word' id='word_1_98' title='bbox 1748 1759 2117 1850; x_wconf 80' lang='lat' dir='ltr'><strong>ingenium.</strong></span> <span class='ocrx_word' id='word_1_99' title='bbox 2145 1762 2336 1833; x_wconf 89' lang='lat' dir='ltr'><strong>Licet</strong></span> <span class='ocrx_word' id='word_1_100' title='bbox 2359 1763 2544 1833; x_wconf 92' lang='lat' dir='ltr'><strong>enim</strong></span> 
     </span>
     <span class='ocr_line' id='line_1_13' title="bbox 404 1882 2543 1976; baseline -0.002 -16"><span class='ocrx_word' id='word_1_101' title='bbox 404 1889 641 1960; x_wconf 86' lang='lat' dir='ltr'><strong>Cicero</strong></span> <span class='ocrx_word' id='word_1_102' title='bbox 682 1886 937 1959; x_wconf 87' lang='lat' dir='ltr'><strong>scribat</strong></span> <span class='ocrx_word' id='word_1_103' title='bbox 978 1884 1201 1958; x_wconf 86' lang='lat' dir='ltr'><strong>videri</strong></span> <span class='ocrx_word' id='word_1_104' title='bbox 1243 1883 1375 1955; x_wconf 90' lang='lat' dir='ltr'><strong>sibi</strong></span> <span class='ocrx_word' id='word_1_105' title='bbox 1424 1882 1766 1966; x_wconf 80' lang='lat' dir='ltr'><strong>bomineS,</strong></span> <span class='ocrx_word' id='word_1_106' title='bbox 1809 1904 2025 1976; x_wconf 91' lang='lat' dir='ltr'><strong>quum</strong></span> <span class='ocrx_word' id='word_1_107' title='bbox 2060 1884 2291 1954; x_wconf 87' lang='lat' dir='ltr'><strong>multis</strong></span> <span class='ocrx_word' id='word_1_108' title='bbox 2334 1884 2543 1956; x_wconf 91' lang='lat' dir='ltr'><strong>rebus</strong></span> 
     </span>
     <span class='ocr_line' id='line_1_14' title="bbox 405 2005 2545 2088; baseline -0.001 -8"><span class='ocrx_word' id='word_1_109' title='bbox 405 2010 801 2081; x_wconf 89' lang='lat' dir='ltr'><strong>humiliores</strong></span> <span class='ocrx_word' id='word_1_110' title='bbox 851 2019 923 2080; x_wconf 89' lang='lat' dir='ltr'><strong>et</strong></span> <span class='ocrx_word' id='word_1_111' title='bbox 959 2007 1371 2079; x_wconf 84' lang='lat' dir='ltr'><strong>infirmiores</strong></span> <span class='ocrx_word' id='word_1_112' title='bbox 1423 2006 1591 2088; x_wconf 89' lang='lat' dir='ltr'><strong>sint,</strong></span> <span class='ocrx_word' id='word_1_113' title='bbox 1644 2005 1777 2076; x_wconf 90' lang='lat' dir='ltr'><strong>bac</strong></span> <span class='ocrx_word' id='word_1_114' title='bbox 1825 2027 1903 2076; x_wconf 92' lang='lat' dir='ltr'><strong>re</strong></span> <span class='ocrx_word' id='word_1_115' title='bbox 1952 2005 2255 2077; x_wconf 84' lang='lat' dir='ltr'><strong>maxime</strong></span> <span class='ocrx_word' id='word_1_116' title='bbox 2299 2005 2545 2079; x_wconf 88' lang='lat' dir='ltr'><strong>bestiis</strong></span> 
     </span>
     <span class='ocr_line' id='line_1_15' title="bbox 403 2128 2546 2227; baseline -0.001 -24"><span class='ocrx_word' id='word_1_117' title='bbox 403 2144 757 2227; x_wconf 85' lang='lat' dir='ltr'><strong>praestare,</strong></span> <span class='ocrx_word' id='word_1_118' title='bbox 803 2132 993 2226; x_wconf 88' lang='lat' dir='ltr'><strong>quod</strong></span> <span class='ocrx_word' id='word_1_119' title='bbox 1028 2130 1216 2224; x_wconf 87' lang='lat' dir='ltr'><strong>loqui</strong></span> <span class='ocrx_word' id='word_1_120' title='bbox 1255 2138 1580 2223; x_wconf 83' lang='lat' dir='ltr'><strong>possunt:</strong></span> <span class='ocrx_word' id='word_1_121' title='bbox 1621 2138 1850 2200; x_wconf 90' lang='lat' dir='ltr'><strong>tamen</strong></span> <span class='ocrx_word' id='word_1_122' title='bbox 1889 2128 1960 2201; x_wconf 94' lang='lat' dir='ltr'><strong>id</strong></span> <span class='ocrx_word' id='word_1_123' title='bbox 1999 2132 2110 2202; x_wconf 87' lang='lat' dir='ltr'><strong>vel</strong></span> <span class='ocrx_word' id='word_1_124' title='bbox 2150 2131 2405 2201; x_wconf 87' lang='lat' dir='ltr'><strong>oratori</strong></span> <span class='ocrx_word' id='word_1_125' title='bbox 2455 2130 2546 2201; x_wconf 91' lang='lat' dir='ltr'><strong>ad</strong></span> 
     </span>
     <span class='ocr_line' id='line_1_16' title="bbox 401 2251 2542 2347; baseline -0.001 -20"><span class='ocrx_word' id='word_1_126' title='bbox 401 2256 1056 2328; x_wconf 80' lang='lat' dir='ltr'><strong>commendationem</strong></span> <span class='ocrx_word' id='word_1_127' title='bbox 1081 2254 1266 2339; x_wconf 76' lang='lat' dir='ltr'><strong>artiS,</strong></span> <span class='ocrx_word' id='word_1_128' title='bbox 1286 2276 1498 2347; x_wconf 90' lang='lat' dir='ltr'><strong>quam</strong></span> <span class='ocrx_word' id='word_1_129' title='bbox 1516 2251 1846 2338; x_wconf 83' lang='lat' dir='ltr'><strong>tradebat,</strong></span> <span class='ocrx_word' id='word_1_130' title='bbox 1875 2251 2371 2345; x_wconf 82' lang='lat' dir='ltr'><strong>indulgendum</strong></span> <span class='ocrx_word' id='word_1_131' title='bbox 2387 2254 2542 2337; x_wconf 82' lang='lat' dir='ltr'><strong>fuit3</strong></span> 
     </span>
     <span class='ocr_line' id='line_1_17' title="bbox 403 2376 2548 2474; baseline -0.001 -23"><span class='ocrx_word' id='word_1_132' title='bbox 403 2382 514 2451; x_wconf 87' lang='lat' dir='ltr'><strong>vel</strong></span> <span class='ocrx_word' id='word_1_133' title='bbox 549 2378 649 2452; x_wconf 91' lang='lat' dir='ltr'><strong>sic</strong></span> <span class='ocrx_word' id='word_1_134' title='bbox 681 2378 1169 2474; x_wconf 87' lang='lat' dir='ltr'><strong>accipiendum,</strong></span> <span class='ocrx_word' id='word_1_135' title='bbox 1198 2386 1277 2449; x_wconf 94' lang='lat' dir='ltr'><strong>ut</strong></span> <span class='ocrx_word' id='word_1_136' title='bbox 1309 2378 1536 2473; x_wconf 84' lang='lat' dir='ltr'><strong>ipsum</strong></span> <span class='ocrx_word' id='word_1_137' title='bbox 1564 2376 1742 2469; x_wconf 80' lang='lat' dir='ltr'><strong>loqui</strong></span> <span class='ocrx_word' id='word_1_138' title='bbox 1763 2398 1955 2471; x_wconf 78' lang='lat' dir='ltr'><strong>posse</strong></span> <span class='ocrx_word' id='word_1_139' title='bbox 1980 2376 2129 2449; x_wconf 88' lang='lat' dir='ltr'><strong>sine</strong></span> <span class='ocrx_word' id='word_1_140' title='bbox 2154 2376 2417 2470; x_wconf 83' lang='lat' dir='ltr'><strong>praevio</strong></span> <span class='ocrx_word' id='word_1_141' title='bbox 2441 2377 2548 2448; x_wconf 89' lang='lat' dir='ltr'><strong>in-</strong></span> 
     </span>
     <span class='ocr_line' id='line_1_18' title="bbox 406 2499 2547 2596; baseline -0.002 -22"><span class='ocrx_word' id='word_1_142' title='bbox 406 2505 675 2575; x_wconf 88' lang='lat' dir='ltr'><strong>tellectu</strong></span> <span class='ocrx_word' id='word_1_143' title='bbox 710 2525 869 2574; x_wconf 89' lang='lat' dir='ltr'><strong>esse</strong></span> <span class='ocrx_word' id='word_1_144' title='bbox 902 2526 1040 2575; x_wconf 93' lang='lat' dir='ltr'><strong>non</strong></span> <span class='ocrx_word' id='word_1_145' title='bbox 1074 2501 1316 2596; x_wconf 88' lang='lat' dir='ltr'><strong>possit.</strong></span> <span class='ocrx_word' id='word_1_146' title='bbox 1358 2499 1679 2594; x_wconf 84' lang='lat' dir='ltr'><strong>Alioquin</strong></span> <span class='ocrx_word' id='word_1_147' title='bbox 1717 2503 1932 2572; x_wconf 92' lang='lat' dir='ltr'><strong>multo</strong></span> <span class='ocrx_word' id='word_1_148' title='bbox 1969 2499 2143 2570; x_wconf 82' lang='lat' dir='ltr'><strong>mihi</strong></span> <span class='ocrx_word' id='word_1_149' title='bbox 2171 2502 2400 2594; x_wconf 91' lang='lat' dir='ltr'><strong>potius</strong></span> <span class='ocrx_word' id='word_1_150' title='bbox 2438 2502 2547 2571; x_wconf 86' lang='lat' dir='ltr'><strong>vi-</strong></span> 
     </span>
     <span class='ocr_line' id='line_1_19' title="bbox 403 2622 2547 2718; baseline -0.001 -21"><span class='ocrx_word' id='word_1_151' title='bbox 403 2626 652 2698; x_wconf 87' lang='lat' dir='ltr'><strong>dentur</strong></span> <span class='ocrx_word' id='word_1_152' title='bbox 675 2625 747 2695; x_wconf 92' lang='lat' dir='ltr'><strong>in</strong></span> <span class='ocrx_word' id='word_1_153' title='bbox 770 2647 854 2697; x_wconf 91' lang='lat' dir='ltr'><strong>eo</strong></span> <span class='ocrx_word' id='word_1_154' title='bbox 877 2627 1281 2718; x_wconf 71' lang='lat' dir='ltr'><strong>praecellere,</strong></span> <span class='ocrx_word' id='word_1_155' title='bbox 1303 2623 1495 2716; x_wconf 88' lang='lat' dir='ltr'><strong>quod</strong></span> <span class='ocrx_word' id='word_1_156' title='bbox 1516 2623 1910 2714; x_wconf 79' lang='lat' dir='ltr'><strong>intelligere,</strong></span> <span class='ocrx_word' id='word_1_157' title='bbox 1931 2622 2120 2716; x_wconf 88' lang='lat' dir='ltr'><strong>qnod</strong></span> <span class='ocrx_word' id='word_1_158' title='bbox 2139 2626 2354 2695; x_wconf 91' lang='lat' dir='ltr'><strong>multa</strong></span> <span class='ocrx_word' id='word_1_159' title='bbox 2371 2623 2547 2695; x_wconf 89' lang='lat' dir='ltr'><strong>scire</strong></span> 
     </span>
     <span class='ocr_line' id='line_1_20' title="bbox 403 2745 2541 2841; baseline -0.003 -21"><span class='ocrx_word' id='word_1_160' title='bbox 403 2771 483 2821; x_wconf 89' lang='lat' dir='ltr'><strong>ac</strong></span> <span class='ocrx_word' id='word_1_161' title='bbox 512 2747 908 2820; x_wconf 89' lang='lat' dir='ltr'><strong>meminisse</strong></span> <span class='ocrx_word' id='word_1_162' title='bbox 946 2756 1271 2841; x_wconf 89' lang='lat' dir='ltr'><strong>possunt;</strong></span> <span class='ocrx_word' id='word_1_163' title='bbox 1305 2747 1495 2840; x_wconf 89' lang='lat' dir='ltr'><strong>quod</strong></span> <span class='ocrx_word' id='word_1_164' title='bbox 1528 2745 1775 2817; x_wconf 86' lang='lat' dir='ltr'><strong>belluis</strong></span> <span class='ocrx_word' id='word_1_165' title='bbox 1815 2756 2061 2816; x_wconf 90' lang='lat' dir='ltr'><strong>natura</strong></span> <span class='ocrx_word' id='word_1_166' title='bbox 2100 2767 2240 2816; x_wconf 92' lang='lat' dir='ltr'><strong>non</strong></span> <span class='ocrx_word' id='word_1_167' title='bbox 2281 2745 2541 2829; x_wconf 85' lang='lat' dir='ltr'><strong>tribuit,</strong></span> 
     </span>
     <span class='ocr_line' id='line_1_21' title="bbox 406 2866 2548 2963; baseline -0.004 -20"><span class='ocrx_word' id='word_1_168' title='bbox 406 2872 670 2943; x_wconf 85' lang='lat' dir='ltr'><strong>tametsi</strong></span> <span class='ocrx_word' id='word_1_169' title='bbox 694 2870 997 2963; x_wconf 86' lang='lat' dir='ltr'><strong>aliquam</strong></span> <span class='ocrx_word' id='word_1_170' title='bbox 1024 2870 1423 2955; x_wconf 75' lang='lat' dir='ltr'><strong>intellectus,</strong></span> <span class='ocrx_word' id='word_1_171' title='bbox 1450 2867 1888 2941; x_wconf 82' lang='lat' dir='ltr'><strong>discretionis</strong></span> <span class='ocrx_word' id='word_1_172' title='bbox 1900 2876 1970 2938; x_wconf 89' lang='lat' dir='ltr'><strong>et</strong></span> <span class='ocrx_word' id='word_1_173' title='bbox 1982 2867 2330 2938; x_wconf 87' lang='lat' dir='ltr'><strong>memoriae</strong></span> <span class='ocrx_word' id='word_1_174' title='bbox 2357 2866 2548 2936; x_wconf 90' lang='lat' dir='ltr'><strong>simi-</strong></span> 
     </span>
     <span class='ocr_line' id='line_1_22' title="bbox 404 2992 2548 3085; baseline 0 -23"><span class='ocrx_word' id='word_1_175' title='bbox 404 2992 756 3066; x_wconf 91' lang='lat' dir='ltr'><strong>litudinem</strong></span> <span class='ocrx_word' id='word_1_176' title='bbox 805 2993 1062 3065; x_wconf 83' lang='lat' dir='ltr'><strong>habere</strong></span> <span class='ocrx_word' id='word_1_177' title='bbox 1108 2994 1494 3067; x_wconf 80' lang='lat' dir='ltr'><strong>videantur.</strong></span> <span class='ocrx_word' id='word_1_178' title='bbox 1547 2993 1731 3077; x_wconf 86' lang='lat' dir='ltr'><strong>Quid</strong></span> <span class='ocrx_word' id='word_1_179' title='bbox 1776 2996 1990 3085; x_wconf 75' lang='lat' dir='ltr'><strong>ergo?</strong></span> <span class='ocrx_word' id='word_1_180' title='bbox 2038 2992 2287 3062; x_wconf 89' lang='lat' dir='ltr'><strong>Hortor</strong></span> <span class='ocrx_word' id='word_1_181' title='bbox 2341 2999 2548 3083; x_wconf 89' lang='lat' dir='ltr'><strong>atque</strong></span> 
     </span>
     <span class='ocr_line' id='line_1_23' title="bbox 404 3112 2548 3208; baseline -0.002 -19"><span class='ocrx_word' id='word_1_182' title='bbox 404 3118 711 3202; x_wconf 87' lang='lat' dir='ltr'><strong>obsecro,</strong></span> <span class='ocrx_word' id='word_1_183' title='bbox 773 3126 854 3189; x_wconf 85' lang='lat' dir='ltr'><strong>ut</strong></span> <span class='ocrx_word' id='word_1_184' title='bbox 909 3116 1095 3189; x_wconf 85' lang='lat' dir='ltr'><strong>omni</strong></span> <span class='ocrx_word' id='word_1_185' title='bbox 1126 3115 1487 3208; x_wconf 79' lang='lat' dir='ltr'><strong>vigilantia</strong></span> <span class='ocrx_word' id='word_1_186' title='bbox 1540 3127 1612 3187; x_wconf 91' lang='lat' dir='ltr'><strong>et</strong></span> <span class='ocrx_word' id='word_1_187' title='bbox 1674 3115 1967 3187; x_wconf 88' lang='lat' dir='ltr'><strong>summis</strong></span> <span class='ocrx_word' id='word_1_188' title='bbox 2016 3112 2286 3184; x_wconf 88' lang='lat' dir='ltr'><strong>viribus</strong></span> <span class='ocrx_word' id='word_1_189' title='bbox 2338 3112 2548 3184; x_wconf 91' lang='lat' dir='ltr'><strong>animi</strong></span> 
     </span>
     <span class='ocr_line' id='line_1_24' title="bbox 405 3235 2547 3332; baseline -0.001 -22"><span class='ocrx_word' id='word_1_190' title='bbox 405 3240 746 3326; x_wconf 89' lang='lat' dir='ltr'><strong>tenebras,</strong></span> <span class='ocrx_word' id='word_1_191' title='bbox 774 3241 1232 3332; x_wconf 79' lang='lat' dir='ltr'><strong>ignorantiam</strong></span> <span class='ocrx_word' id='word_1_192' title='bbox 1257 3241 1703 3332; x_wconf 81' lang='lat' dir='ltr'><strong>depellamuS,</strong></span> <span class='ocrx_word' id='word_1_193' title='bbox 1730 3239 2207 3329; x_wconf 88' lang='lat' dir='ltr'><strong>enitamurque</strong></span> <span class='ocrx_word' id='word_1_194' title='bbox 2239 3236 2310 3305; x_wconf 93' lang='lat' dir='ltr'><strong>in</strong></span> <span class='ocrx_word' id='word_1_195' title='bbox 2343 3235 2547 3307; x_wconf 86' lang='lat' dir='ltr'><strong>terris</strong></span> 
     </span>
     <span class='ocr_line' id='line_1_25' title="bbox 410 3358 2550 3457; baseline -0.001 -27"><span class='ocrx_word' id='word_1_196' title='bbox 410 3362 667 3454; x_wconf 90' lang='lat' dir='ltr'><strong>aliquid</strong></span> <span class='ocrx_word' id='word_1_197' title='bbox 706 3363 1084 3449; x_wconf 88' lang='lat' dir='ltr'><strong>addiscere,</strong></span> <span class='ocrx_word' id='word_1_198' title='bbox 1128 3386 1267 3457; x_wconf 89' lang='lat' dir='ltr'><strong>quo</strong></span> <span class='ocrx_word' id='word_1_199' title='bbox 1300 3363 1416 3434; x_wconf 87' lang='lat' dir='ltr'><strong>via</strong></span> <span class='ocrx_word' id='word_1_200' title='bbox 1451 3362 1650 3434; x_wconf 91' lang='lat' dir='ltr'><strong>nobis</strong></span> <span class='ocrx_word' id='word_1_201' title='bbox 1686 3363 1775 3433; x_wconf 93' lang='lat' dir='ltr'><strong>ad</strong></span> <span class='ocrx_word' id='word_1_202' title='bbox 1807 3364 2059 3434; x_wconf 91' lang='lat' dir='ltr'><strong>coelum</strong></span> <span class='ocrx_word' id='word_1_203' title='bbox 2095 3358 2233 3432; x_wconf 91' lang='lat' dir='ltr'><strong>fiat.</strong></span> <span class='ocrx_word' id='word_1_204' title='bbox 2279 3359 2413 3430; x_wconf 92' lang='lat' dir='ltr'><strong>Sed</strong></span> <span class='ocrx_word' id='word_1_205' title='bbox 2446 3358 2550 3427; x_wconf 90' lang='lat' dir='ltr'><strong>in-</strong></span> 
     </span>
     <span class='ocr_line' id='line_1_26' title="bbox 410 3478 2551 3581; baseline -0.004 -26"><span class='ocrx_word' id='word_1_206' title='bbox 410 3484 679 3556; x_wconf 90' lang='lat' dir='ltr'><strong>terdum</strong></span> <span class='ocrx_word' id='word_1_207' title='bbox 718 3487 1258 3572; x_wconf 82' lang='lat' dir='ltr'><strong>meminerimuS,</strong></span> <span class='ocrx_word' id='word_1_208' title='bbox 1305 3487 1366 3559; x_wconf 89' lang='lat' dir='ltr'><strong>si</strong></span> <span class='ocrx_word' id='word_1_209' title='bbox 1398 3489 1571 3559; x_wconf 84' lang='lat' dir='ltr'><strong>forte</strong></span> <span class='ocrx_word' id='word_1_210' title='bbox 1615 3484 1807 3581; x_wconf 90' lang='lat' dir='ltr'><strong>(quia</strong></span> <span class='ocrx_word' id='word_1_211' title='bbox 1847 3508 1985 3556; x_wconf 95' lang='lat' dir='ltr'><strong>non</strong></span> <span class='ocrx_word' id='word_1_212' title='bbox 2017 3504 2255 3554; x_wconf 91' lang='lat' dir='ltr'><strong>omnes</strong></span> <span class='ocrx_word' id='word_1_213' title='bbox 2291 3501 2430 3551; x_wconf 93' lang='lat' dir='ltr'><strong>uno</strong></span> <span class='ocrx_word' id='word_1_214' title='bbox 2456 3478 2551 3547; x_wconf 90' lang='lat' dir='ltr'><strong>si-</strong></span> 
     </span>
     <span class='ocr_line' id='line_1_27' title="bbox 406 3604 2552 3706; baseline -0.006 -26"><span class='ocrx_word' id='word_1_215' title='bbox 406 3609 569 3680; x_wconf 89' lang='lat' dir='ltr'><strong>dere</strong></span> <span class='ocrx_word' id='word_1_216' title='bbox 606 3610 985 3706; x_wconf 90' lang='lat' dir='ltr'><strong>nascimur)</strong></span> <span class='ocrx_word' id='word_1_217' title='bbox 1030 3609 1333 3682; x_wconf 84' lang='lat' dir='ltr'><strong>tarditati</strong></span> <span class='ocrx_word' id='word_1_218' title='bbox 1357 3619 1617 3681; x_wconf 89' lang='lat' dir='ltr'><strong>nostrae</strong></span> <span class='ocrx_word' id='word_1_219' title='bbox 1643 3608 1774 3677; x_wconf 91' lang='lat' dir='ltr'><strong>iter</strong></span> <span class='ocrx_word' id='word_1_220' title='bbox 1800 3604 1891 3676; x_wconf 91' lang='lat' dir='ltr'><strong>ad</strong></span> <span class='ocrx_word' id='word_1_221' title='bbox 1917 3624 2192 3677; x_wconf 91' lang='lat' dir='ltr'><strong>summa</strong></span> <span class='ocrx_word' id='word_1_222' title='bbox 2217 3622 2355 3671; x_wconf 93' lang='lat' dir='ltr'><strong>non</strong></span> <span class='ocrx_word' id='word_1_223' title='bbox 2380 3620 2552 3693; x_wconf 94' lang='lat' dir='ltr'><strong>pan-</strong></span> 
     </span>
     <span class='ocr_line' id='line_1_28' title="bbox 364 3729 2547 3826; baseline -0.005 -23"><span class='ocrx_word' id='word_1_224' title='bbox 364 3746 369 3750; x_wconf 83' lang='grc'>’</span> <span class='ocrx_word' id='word_1_225' title='bbox 407 3732 620 3818; x_wconf 90' lang='lat' dir='ltr'><strong>ditur,</strong></span> <span class='ocrx_word' id='word_1_226' title='bbox 664 3733 906 3805; x_wconf 89' lang='lat' dir='ltr'><strong>decere</strong></span> <span class='ocrx_word' id='word_1_227' title='bbox 938 3754 1067 3805; x_wconf 92' lang='lat' dir='ltr'><strong>nos</strong></span> <span class='ocrx_word' id='word_1_228' title='bbox 1108 3732 1363 3826; x_wconf 83' lang='lat' dir='ltr'><strong>ingenii</strong></span> <span class='ocrx_word' id='word_1_229' title='bbox 1395 3729 1702 3803; x_wconf 82' lang='lat' dir='ltr'><strong>terminis</strong></span> <span class='ocrx_word' id='word_1_230' title='bbox 1742 3749 1904 3800; x_wconf 90' lang='lat' dir='ltr'><strong>esse</strong></span> <span class='ocrx_word' id='word_1_231' title='bbox 1943 3733 2325 3806; x_wconf 81' lang='lat' dir='ltr'><strong>contentOS,</strong></span> <span class='ocrx_word' id='word_1_232' title='bbox 2371 3742 2547 3814; x_wconf 91' lang='lat' dir='ltr'><strong>quos</strong></span> 
     </span>
     <span class='ocr_line' id='line_1_29' title="bbox 405 3845 2544 3947; baseline -0.005 -22"><span class='ocrx_word' id='word_1_233' title='bbox 405 3853 591 3925; x_wconf 91' lang='lat' dir='ltr'><strong>Deus</strong></span> <span class='ocrx_word' id='word_1_234' title='bbox 629 3855 829 3927; x_wconf 90' lang='lat' dir='ltr'><strong>nobis</strong></span> <span class='ocrx_word' id='word_1_235' title='bbox 868 3866 938 3928; x_wconf 90' lang='lat' dir='ltr'><strong>et</strong></span> <span class='ocrx_word' id='word_1_236' title='bbox 975 3864 1223 3927; x_wconf 87' lang='lat' dir='ltr'><strong>natura</strong></span> <span class='ocrx_word' id='word_1_237' title='bbox 1262 3852 1713 3947; x_wconf 85' lang='lat' dir='ltr'><strong>praefixerint.</strong></span> <span class='ocrx_word' id='word_1_238' title='bbox 1756 3848 1957 3935; x_wconf 89' lang='lat' dir='ltr'><strong>Quod</strong></span> <span class='ocrx_word' id='word_1_239' title='bbox 1996 3845 2130 3918; x_wconf 89' lang='lat' dir='ltr'><strong>nisi</strong></span> <span class='ocrx_word' id='word_1_240' title='bbox 2163 3845 2544 3929; x_wconf 80' lang='lat' dir='ltr'><strong>fecerimuS,</strong></span> 
     </span>
     <span class='ocr_line' id='line_1_30' title="bbox 404 3968 2549 4070; baseline -0.003 -25"><span class='ocrx_word' id='word_1_241' title='bbox 404 3998 760 4070; x_wconf 86' lang='lat' dir='ltr'><strong>nunqnam</strong></span> <span class='ocrx_word' id='word_1_242' title='bbox 801 3978 950 4049; x_wconf 89' lang='lat' dir='ltr'><strong>sine</strong></span> <span class='ocrx_word' id='word_1_243' title='bbox 989 3980 1238 4050; x_wconf 89' lang='lat' dir='ltr'><strong>mentis</strong></span> <span class='ocrx_word' id='word_1_244' title='bbox 1277 3977 1629 4049; x_wconf 86' lang='lat' dir='ltr'><strong>anxietate</strong></span> <span class='ocrx_word' id='word_1_245' title='bbox 1665 3972 1876 4046; x_wconf 87' lang='lat' dir='ltr'><strong>futuri</strong></span> <span class='ocrx_word' id='word_1_246' title='bbox 1912 3991 2175 4043; x_wconf 89' lang='lat' dir='ltr'><strong>sumus.</strong></span> <span class='ocrx_word' id='word_1_247' title='bbox 2205 3968 2549 4053; x_wconf 89' lang='lat' dir='ltr'><strong>Quamdiu</strong></span> 
     </span>
     <span class='ocr_line' id='line_1_31' title="bbox 402 4091 2546 4192; baseline -0.005 -23"><span class='ocrx_word' id='word_1_248' title='bbox 402 4099 583 4170; x_wconf 92' lang='lat' dir='ltr'><strong>enim</strong></span> <span class='ocrx_word' id='word_1_249' title='bbox 625 4100 694 4170; x_wconf 91' lang='lat' dir='ltr'><strong>in</strong></span> <span class='ocrx_word' id='word_1_250' title='bbox 735 4100 1191 4192; x_wconf 81' lang='lat' dir='ltr'><strong>cognitionem</strong></span> <span class='ocrx_word' id='word_1_251' title='bbox 1231 4121 1462 4171; x_wconf 90' lang='lat' dir='ltr'><strong>rerum</strong></span> <span class='ocrx_word' id='word_1_252' title='bbox 1500 4096 1784 4180; x_wconf 83' lang='lat' dir='ltr'><strong>ibimuS,</strong></span> <span class='ocrx_word' id='word_1_253' title='bbox 1812 4091 2000 4187; x_wconf 91' lang='lat' dir='ltr'><strong>quod</strong></span> <span class='ocrx_word' id='word_1_254' title='bbox 2030 4092 2161 4163; x_wconf 82' lang='lat' dir='ltr'><strong>iter</strong></span> <span class='ocrx_word' id='word_1_255' title='bbox 2191 4111 2546 4183; x_wconf 88' lang='lat' dir='ltr'><strong>nunquam</strong></span> 
     </span>
     <span class='ocr_line' id='line_1_32' title="bbox 407 4212 2544 4316; baseline -0.002 -28"><span class='ocrx_word' id='word_1_256' title='bbox 407 4220 848 4297; x_wconf 79' lang='lat' dir='ltr'><strong>intermittere</strong></span> <span class='ocrx_word' id='word_1_257' title='bbox 873 4245 1100 4316; x_wconf 88' lang='lat' dir='ltr'><strong>usque</strong></span> <span class='ocrx_word' id='word_1_258' title='bbox 1124 4221 1211 4294; x_wconf 90' lang='lat' dir='ltr'><strong>ad</strong></span> <span class='ocrx_word' id='word_1_259' title='bbox 1235 4230 1625 4294; x_wconf 83' lang='lat' dir='ltr'><strong>extremum</strong></span> <span class='ocrx_word' id='word_1_260' title='bbox 1653 4219 1965 4314; x_wconf 88' lang='lat' dir='ltr'><strong>spiritum</strong></span> <span class='ocrx_word' id='word_1_261' title='bbox 1992 4215 2324 4289; x_wconf 92' lang='lat' dir='ltr'><strong>debemus</strong></span> <span class='ocrx_word' id='word_1_262' title='bbox 2339 4269 2354 4298; x_wconf 89' lang='lat'><strong>,</strong></span> <span class='ocrx_word' id='word_1_263' title='bbox 2385 4212 2544 4284; x_wconf 87' lang='lat' dir='ltr'><strong>novi</strong></span> 
     </span>
    </p>
   </div>
  </div>
 </body>
</html>
