3104 4805
1259 379 1797 439 PROLEGOMENON.
2506 385 2583 434 CV

478 518 583 590 Ep.
665 518 719 574 8.
760 517 954 575 LAELIO
986 532 1114 575 suo.
1138 550 1210 561 —
1227 521 1376 578 Rem
1396 525 1606 595 prima
1630 528 1841 597 fronte.

807 610 949 680 Ary.
984 610 1105 675 Quo
1133 626 1192 665 se
1216 611 1358 667 ferat
1384 613 1660 669 incertum
1689 615 1902 670 haerere
1930 616 2145 671 animo:
2179 617 2372 673 Romae
2401 625 2588 673 tamen

877 699 1150 756 desiderio
1178 719 1349 774 quam
1376 705 1620 760 maxime
1649 705 1853 760 teneri:
1888 722 2065 777 eaque
2089 705 2159 761 de
2185 723 2247 761 re
2275 707 2435 762 amici
2463 723 2590 762 con-

875 789 1064 845 silium
1092 792 1253 846 enixe
1281 792 1545 864 postulat.

482 876 585 950 Ep.
659 877 948 935 9..L.r.1.10
981 893 1109 934 suo.
1131 910 1204 921 -
1224 880 1357 936 Iam
1377 883 1797 939 vale-dixeram.

801 968 946 1040 Arq.
979 967 1189 1023 Urbem
1218 969 1457 1024 Romam
1484 986 1779 1042 perperam
1803 987 1933 1026 cum
1952 970 2229 1042 Babylone
2256 977 2585 1046 comparari,

871 1075 975 1113 nec
1000 1075 1124 1113 eam
1152 1058 1279 1114 odio
1307 1059 1556 1114 numinis
1583 1060 1863 1115 laborare:
1897 1068 2236 1133 quapropter
2273 1065 2450 1136 magis
2475 1083 2588 1120 ma-

873 1148 1067 1220 gisque
1094 1148 1171 1202 ibi
1201 1165 1260 1203 se
1287 1165 1621 1205 mansurum
1650 1166 1873 1221 cupere.

476 1237 580 1309 Ep.
621 1236 711 1293 10.
753 1238 975 1293 Pon-rto
1028 1239 1278 1294 Smsom
1328 1238 1598 1296 Pwos.
1651 1237 2030 1296 Gustum.
2052 1271 2126 1284 -
2153 1242 2411 1299 Accensa
2456 1246 2589 1299 cha-

874 1327 1045 1382 ritas.

801 1416 947 1488 Ary.
983 1415 1245 1470 Oblatum
1271 1414 1480 1487 aliquid
1509 1422 1731 1486 gratum
1773 1417 1973 1489 habet,
2017 1434 2187 1491 seque
2226 1436 2355 1475 eum
2397 1437 2589 1493 quam·

872 1506 1118 1578 primum
1145 1506 1458 1561 invisurum
1489 1507 1744 1579 spondet.

478 1594 582 1667 Ep.
620 1595 711 1650 11.
752 1595 1035 1651 Pmmpo
1064 1596 1217 1651 Ems.
1251 1595 1687 1651 CAvAmer-mm.
1710 1596 2025 1652 -Mirum
2050 1598 2236 1651 valde.

797 1685 942 1757 Ary.
976 1684 1255 1740 Incertum
1283 1702 1394 1757 quo
1437 1701 1698 1739 mansum
1740 1689 1828 1739 eat
1854 1685 2137 1740 Avenione
2178 1686 2490 1757 digressum
2527 1705 2586 1743 se

871 1774 929 1827 in
958 1774 1312 1829 solitudinem
1336 1773 1486 1829 ruris
1514 1774 1806 1846 recepisse.

478 1862 582 1936 Ep.
625 1861 713 1917 12.
756 1862 1036 1919 Pmmppo
1065 1864 1255 1919 EPISC.
1289 1864 1669 1920 Cunnum«.
1691 1893 1764 1904 -—
1789 1862 1930 1917 Tria
1955 1862 2062 1916 tibi
2085 1864 2340 1919 veniunt.

802 1954 946 2027 Ary.
977 1955 1192 2010 Piscem
1210 1997 1224 2024 ,
1255 1971 1412 2008 avem
1440 1959 1495 2008 et
1522 1952 1812 2024 epistolam
1840 1951 1909 2006 ad
1938 1969 2067 2006 eum
2096 1953 2279 2008 mittit.

476 2041 581 2114 Ep.
621 2041 711 2096 13.
752 2041 1032 2096 ΡΗιωΡΡο
1062 2040 1253 2096 Ense.
1288 2038 1666 2094 CAvALucEN.
1686 2069 1758 2080 —
1778 2039 1982 2094 Tribus
2012 2040 2314 2095 hesternis.

799 2131 941 2201 Ary.
974 2130 1278 2202 Epistolam
1307 2147 1433 2201 quae
1462 2145 1608 2202 pone
1649 2134 1733 2184 est
1772 2128 1841 2182 ad
1871 2128 2032 2182 illum
2060 2129 2228 2183 mittit
2266 2129 2575 2199 legendam.

474 2219 582 2292 Ep.
622 2219 713 2274 14.
757 2218 947 2274 Cu-:no
975 2219 1270 2274 Eccmsm:
1299 2219 1629 2273 Parumne.
1663 2216 1985 2270 Amisimus
2010 2219 2246 2288 fratres.

736 2351 740 2354 .
796 2309 940 2381 Ary.
983 2308 1363 2363 lldebrandini
1400 2306 1655 2378 Episcopi
1693 2306 1940 2360 Patavini
1977 2311 2213 2361 mortem
2251 2305 2447 2378 deflet,
2476 2309 2582 2364 vir-

866 2402 1012 2455 tutes
1039 2396 1398 2470 amplissimis
1426 2395 1687 2451 laudibus
1714 2399 1960 2451 exornat.

1320 2583 1539 2646 LIBER
1579 2583 1723 2646 xvl.

470 2753 577 2827 Ep.
659 2751 712 2806 1.
753 2751 1099 2806 'rumpo
1129 2748 1231 2804 ΕΡ.
1264 2749 1502 2804 ΑιΒΑΝο
1540 2762 1612 2802 m·
1651 2748 1903 2803 Gumom
1931 2748 2032 2803 ΕΡ.
2063 2750 2395 2806 Ponwsssffl
2434 2750 2577 2806 CAR-

864 2852 1186 2894 muamus,
1207 2868 1280 2880 -
1300 2837 1370 2893 Si
1404 2837 1502 2890 ille
1544 2837 2124 2909 Carthayinensium.

798 2931 943 3001 Arq.
973 2930 1256 2984 Avenione
1285 2945 1344 2982 se
1368 2926 1604 2982 missum
1621 2926 1745 2980 fieri
1771 2926 1929 2997 petit,
1949 2932 2014 2980 ut
2038 2926 2109 2980 ad
2140 2927 2352 2982 fontem
2372 2928 2578 2998 Sorgiae

865 3018 1034 3073 rebus
1062 3018 1179 3072 suis
1206 3018 1486 3086 consulat,
1517 3016 1589 3071 ob
1625 3021 1864 3071 mortem
1904 3014 2072 3069 villici
2108 3014 2195 3070 sui
2222 3015 2375 3071 omni
2400 3021 2581 3072 custo-

867 3108 959 3163 dia
986 3107 1281 3163 destitutis,

465 3200 576 3271 Ep.
653 3197 707 3253 2.
752 3197 1029 3251 GERARDO
1057 3208 1290 3250 FRATRI.
1312 3224 1384 3235 —
1409 3194 1720 3249 Goenabam
1737 3194 1921 3264 ,forta

796 3287 941 3357 Arq.
975 3285 1166 3339 Refert
1195 3299 1319 3354 quae
1348 3284 1416 3338 de
1456 3283 1660 3338 virtute
1700 3282 1822 3339 eius
1860 3298 1892 3337 a
1933 3280 2157 3337 duobus
2200 3280 2580 3337 Carthusianis
2661 3308 2670 3313 ,

863 3374 1151 3430 monachis
1179 3373 1408 3428 audivit.

462 3470 571 3540 Ep.
652 3466 707 3522 3.
748 3466 1017 3521 SocRA'rl.
1038 3493 1111 3506 —
1129 3464 1317 3519 Multa
1345 3462 1450 3517 tibi
1479 3463 1691 3518 dicere.

794 3552 940 3624 Ary.
971 3552 1086 3606 Sua
1125 3566 1184 3605 se
1226 3555 1376 3605 sorte
1418 3554 1742 3604 contentum
1783 3549 1864 3602 nil
1903 3546 2145 3618 amplius
2186 3559 2470 3616 quaerere,
2502 3544 2580 3598 nil

869 3639 1285 3711 concupiscere,
1315 3643 1370 3693 et
1398 3638 1468 3692 ab
1495 3637 1687 3691 amicis
1715 3635 1874 3690 enixe
1901 3639 2089 3705 petere
2135 3649 2207 3687 ne
2251 3632 2321 3686 de
2356 3631 2578 3686 fortuna

866 3730 986 3785 eius
1013 3729 1184 3784 velint
1212 3745 1271 3783 se
1298 3727 1545 3801 praebere
1574 3725 1852 3780 sollicitos.

452 3825 569 3898 Ep.
653 3820 712 3875 4.
753 3821 837 3875 An
866 3834 1143 3875 loxortm.
1167 3820 1420 3873 —Mitto
1449 3817 1573 3870 alia
1603 3816 1671 3869 de
1701 3814 1923 3886 quibus.

798 3911 941 3981 Arq.
975 3909 1118 3963 Vere
1145 3907 1402 3977 indignos
1428 3905 1685 3959 homines
1712 3919 1832 3958 esse
1861 3899 2064 3972 quibus
2091 3904 2172 3955 tot
2197 3904 2459 3972 tantaque
2485 3900 2578 3955 be-

869 3999 1061 4054 neficia
1091 3997 1384 4053 contulerit
1409 3996 1561 4053 Deus
1590 3999 1727 4066 quot
1762 3990 1965 4046 Christi
2004 4006 2108 4046 nos
2144 3989 2306 4047 docet
2345 3990 2573 4062 religi03
2619 4060 2634 4065 -

867 4105 979 4146 non
1006 4089 1136 4144 inde
1163 4094 1348 4143 tamen
1374 4087 1433 4140 in
1461 4084 1694 4140 dubium
1723 4082 1996 4135 factorum
2022 4080 2308 4139 veritatem
2325 4096 2464 4173 ‘esse
2491 4096 2576 4133 re-

869 4177 1169 4233 vocandam
1184 4218 1199 4246 ,
1230 4191 1334 4232 nec
1357 4174 1725 4231 deficiendum
1750 4172 1811 4228 in
1837 4169 1964 4224 fide.
