3104 4805
563 369 680 430 330
1231 383 1314 430 DE
1360 381 1559 430 annus
1602 380 2045 430 rAffluAnmus

559 531 693 623 bac
725 531 793 601 in
829 553 906 601 re
939 532 1107 601 nihil
1145 553 1185 602 a
1227 530 1513 603 medicis
1559 553 1841 625 sperare
1875 540 2126 624 praeter
2165 528 2403 602 verba.
2441 530 2515 599 Si
2546 529 2715 621 quid

558 654 903 727 adversus
944 654 1328 747 podagram
1370 653 1611 724 auxilii
1679 663 1816 738 est,
1883 663 2097 723 totum
2165 673 2207 722 a
2272 634 2708 747 paupertate;

556 779 671 848 vel
714 777 771 848 si
815 776 886 848 id
927 776 1184 847 frustra
1229 775 1347 861 sit,
1385 775 1476 846 ab
1508 776 1720 848 animi
1755 775 2228 848 moderatione
2263 775 2709 868 poscendum.

554 900 891 992 Podagrae
926 898 1263 971 medicina
1302 898 1560 992 optima
1602 909 1973 993 paupertas
2015 907 2152 983 est,
2199 920 2325 968 seu
2367 898 2549 968 illam
2590 920 2714 968 ne-

555 1023 874 1108 cessitas,
922 1046 1046 1095 seu
1088 1025 1411 1096 voluntas
1465 1025 1788 1096 attulerit.
1834 1024 2150 1094 Ultimam
2205 1024 2382 1094 hanc
2428 1023 2713 1114 frugali-

555 1157 763 1219 tatem
793 1157 1066 1228 vocant,
1106 1168 1314 1237 quam
1348 1145 1689 1216 definiunt
1715 1144 2177 1216 voluntariam
2212 1154 2707 1239 paupertatem.

552 1270 653 1340 De
692 1267 801 1339 his
837 1279 1069 1340 autem
1115 1268 1247 1339 alia
1288 1269 1378 1340 ad
1421 1278 1487 1339 te
1527 1267 1691 1339 olim
1730 1267 2023 1361 epistola
2078 1267 2246 1339 satis
2297 1268 2566 1338 dixisse
2604 1266 2711 1335 vi-

553 1392 726 1463 deor
765 1390 1069 1485 (quando
1113 1392 1420 1462 nondum
1459 1391 1552 1462 ad
1588 1413 1700 1463 me
1740 1390 1876 1461 nisi
1917 1391 2247 1484 podagrae
2283 1389 2499 1460 solius
2533 1389 2710 1458 fama

552 1512 1015 1609 pervenerat),
1064 1514 1125 1584 si
1168 1538 1378 1585 unum
1419 1514 1609 1607 quod
1651 1524 1813 1585 tunc
1863 1536 1976 1584 me
2029 1512 2284 1585 latebat
2334 1511 2465 1582 illis
2515 1511 2712 1583 addi-

552 1638 752 1711 dero:
818 1640 1104 1710 credere
1173 1661 1307 1716 me,
1375 1637 1713 1709 divinitus
1779 1637 2203 1732 permissum
2258 1648 2332 1708 nt
2381 1636 2711 1730 podagrae

550 1773 922 1856 paupertas
965 1761 1366 1843 accesserit;
1407 1772 1495 1845 ut,
1543 1762 1723 1833 sicut
1755 1783 1849 1831 ex
1881 1760 2301 1854 quibusdam
2340 1760 2710 1831 venenosis

552 1883 1018 1955 animantibus
1053 1882 1131 1953 fit
1170 1866 1556 1956 remedium
1591 1882 1856 1967 veneni,
1885 1893 1956 1954 et
1999 1882 2178 1954 sicut
2214 1904 2386 1978 apes
2427 1905 2520 1952 ex
2558 1880 2713 1974 qui-

550 2003 847 2076 busdam
875 2005 1113 2078 herbis
1140 2006 1596 2077 amarioribus
1623 2005 2024 2079 dulcissima
2065 2007 2269 2077 mella
2310 2003 2707 2086 conficiunt,

552 2127 645 2198 ita
691 2138 767 2199 tu
808 2129 1006 2200 malis
1048 2129 1185 2200 tuis
1229 2151 1362 2200 non
1405 2130 1685 2201 aliunde
1726 2153 1933 2224 quam
1982 2152 2076 2201 ex
2131 2128 2266 2200 tuis
2310 2128 2510 2200 malis
2553 2149 2713 2222 pos-

554 2251 652 2322 sis
692 2250 994 2323 eonflare
1034 2252 1355 2322 remedia.
1425 2255 1512 2323 Et
1575 2253 1663 2324 de
1716 2262 2124 2347 paupertate
2163 2252 2449 2344 quidem
2491 2272 2711 2322 reme-

551 2373 807 2467 dioque
868 2372 1056 2466 quod
1122 2375 1234 2446 illa
1302 2397 1539 2447 secum
1607 2376 1845 2461 habet,
1912 2377 2268 2449 hactenus.
2338 2378 2436 2447 De
2503 2374 2710 2446 animi

551 2509 781 2568 autem
847 2497 1320 2571 moderatione
1385 2500 1876 2595 patientiaque,
1943 2500 2212 2592 longior
2278 2520 2511 2571 sermo
2575 2507 2707 2580 est,

551 2619 1106 2704 auctoritatibus,
1160 2622 1544 2694 rationibus
1613 2635 1683 2695 et
1743 2624 2084 2719 exemplis
2136 2623 2537 2693 instructus.
2591 2621 2713 2693 Hic

551 2744 850 2814 occurrit
888 2747 1174 2826 Marius,
1229 2747 1340 2819 hic
1390 2750 1667 2819 Marcus
1718 2746 2020 2830 Attilius,
2077 2746 2188 2818 hio
2238 2746 2527 2839 integrae
2579 2747 2713 2816 Ro-

551 2885 780 2938 manae
822 2867 1152 2958 legiones,
1194 2870 1400 2941 Nulla
1442 2870 1626 2940 enim
1671 2892 1846 2961 gens
1881 2869 1951 2938 in
1990 2869 2121 2940 hac
2163 2868 2381 2960 gloria
2422 2890 2546 2962 par
2578 2877 2706 2937 est.

552 2988 677 3058 Hic
722 3011 816 3060 ex
857 2989 992 3060 alio
1032 3013 1287 3083 genere
1331 2991 1689 3063 bominum
1731 2991 2171 3076 PosidoniuS,
2210 2992 2704 3074 AnaxarchuS,

550 3122 618 3184 et
644 3135 783 3206 quo
811 3112 1037 3199 vilius
1066 3137 1166 3200 e0‚
1197 3114 1329 3186 nisi
1362 3117 1576 3201 fallor,
1615 3116 1963 3188 efficacius
1995 3117 2412 3210 exemplum,
2459 3136 2710 3187 servus

551 3237 718 3310 Afer
759 3241 938 3310 ultor
977 3238 1236 3310 domini
1276 3262 1317 3309 a
1360 3238 1508 3311 Tito
1559 3239 1759 3312 Livio
1813 3242 2097 3324 relatuS,
2168 3239 2286 3332 qui
2353 3237 2709 3311 tormentis

550 3362 914 3447 laceratus
960 3385 1096 3434 non
1139 3363 1344 3434 modo
1384 3385 1521 3435 non
1564 3362 1928 3454 ingemuit,
1961 3362 2089 3434 sed
2125 3372 2496 3455 superante
2535 3361 2712 3432 laeti-

551 3484 642 3555 tia
683 3485 983 3569 doloreS‚
1032 3484 1336 3578 speciem
1371 3509 1649 3579 quoque
1690 3485 1986 3580 praebuit
2034 3483 2344 3557 ridentis.
2389 3484 2712 3554 Innume-

552 3608 794 3681 rabilia
836 3609 1111 3682 suntid
1143 3632 1396 3702 genuS,
1460 3633 1501 3682 e
1564 3609 1822 3702 quibus
1890 3629 2026 3678 non
2092 3606 2298 3679 modo
2345 3606 2706 3699 epistolam

551 3731 863 3827 impleas,
911 3733 1038 3805 sed
1079 3732 1350 3805 librum.
1392 3734 1914 3815 Verumtamen,
1962 3741 2038 3802 ut
2076 3730 2253 3814 dixi,
2313 3739 2469 3823 post
2517 3729 2710 3800 Cice-

550 3876 789 3926 ronem
847 3829 1332 3928 'verecundum
1397 3856 1931 3947 modestumque
1998 3853 2342 3924 silentium
2413 3851 2705 3924 videtur.

550 3977 680 4047 Est
714 3977 1066 4049 secundus
1102 3978 1283 4049 illius
1320 3977 1499 4049 inter
1525 3979 1951 4050 Tusculanas
1978 3974 2483 4069 disputationes
2511 3972 2704 4056 liber,

553 4118 759 4188 quem
806 4120 994 4189 saepe
1039 4099 1386 4172 salubrem
1439 4100 1507 4171 in
1561 4099 1734 4171 meis
1775 4098 2132 4173 doloribus
2180 4108 2541 4192 expertus,
2582 4093 2707 4163 ali-

553 4226 722 4306 quot
760 4214 1074 4305 insignes
1117 4219 1305 4289 viros
1350 4218 1585 4290 audivi
1630 4219 1717 4291 de
1760 4220 1914 4291 libri
1956 4220 2136 4289 illius
2176 4219 2479 4290 efficacia
2516 4215 2706 4287 simi-
