<?xml version="1.0" encoding="UTF-8"?>
<!DOCTYPE html PUBLIC "-//W3C//DTD XHTML 1.0 Transitional//EN"
    "http://www.w3.org/TR/xhtml1/DTD/xhtml1-transitional.dtd">
<html xmlns="http://www.w3.org/1999/xhtml" xml:lang="en" lang="en">
 <head>
  <title>
</title>
<meta http-equiv="Content-Type" content="text/html;charset=utf-8" />
  <meta name='ocr-system' content='tesseract 3.04.00' />
  <meta name='ocr-capabilities' content='ocr_page ocr_carea ocr_par ocr_line ocrx_word'/>
</head>
<body>
  <div class='ocr_page' id='page_1' title='image "./epistolaederebu00unkngoog_0229.png"; bbox 0 0 3104 4805; ppageno 0'>
   <div class='ocr_carea' id='block_1_1' title="bbox 962 378 2540 451">
    <p class='ocr_par' dir='ltr' id='par_1_1' title="bbox 962 378 2540 451">
     <span class='ocr_line' id='line_1_1' title="bbox 962 378 2540 451; baseline 0.002 -17"><span class='ocrx_word' id='word_1_1' title='bbox 962 387 1143 436; x_wconf 74' lang='lat' dir='ltr'><strong><em>Lmen</em></strong></span> <span class='ocrx_word' id='word_1_2' title='bbox 1188 387 1534 437; x_wconf 71' lang='lat' dir='ltr'><strong><em>rmuus—</em></strong></span> <span class='ocrx_word' id='word_1_3' title='bbox 1561 389 1860 439; x_wconf 67' lang='lat' dir='ltr'><strong><em>erls&#39;rom</em></strong></span> <span class='ocrx_word' id='word_1_4' title='bbox 1903 391 2005 439; x_wconf 88' lang='lat' dir='ltr'><strong><em>vn.</em></strong></span> <span class='ocrx_word' id='word_1_5' title='bbox 2089 446 2094 451; x_wconf 52' lang='grc'>,</span> <span class='ocrx_word' id='word_1_6' title='bbox 2471 378 2540 437; x_wconf 83' lang='grc'><strong><em>61</em></strong></span> 
     </span>
    </p>
   </div>
   <div class='ocr_carea' id='block_1_2' title="bbox 406 528 2569 4308">
    <p class='ocr_par' dir='ltr' id='par_1_2' title="bbox 406 528 2569 4308">
     <span class='ocr_line' id='line_1_2' title="bbox 407 528 2550 630; baseline -0.002 -22"><span class='ocrx_word' id='word_1_7' title='bbox 407 534 759 630; x_wconf 87' lang='lat' dir='ltr'><strong><em>possibilia</em></strong></span> <span class='ocrx_word' id='word_1_8' title='bbox 798 528 1263 626; x_wconf 55' lang='lat' dir='ltr'><strong><em>negligamus(</em></strong></span> <span class='ocrx_word' id='word_1_9' title='bbox 1295 534 1565 605; x_wconf 79' lang='lat' dir='ltr'><strong>Dictum</strong></span> <span class='ocrx_word' id='word_1_10' title='bbox 1597 531 1837 618; x_wconf 86' lang='lat' dir='ltr'><strong><em>breve,</em></strong></span> <span class='ocrx_word' id='word_1_11' title='bbox 1877 533 2004 605; x_wconf 90' lang='lat' dir='ltr'><strong><em>sed</em></strong></span> <span class='ocrx_word' id='word_1_12' title='bbox 2044 534 2205 605; x_wconf 90' lang='lat' dir='ltr'><strong><em>utile</em></strong></span> <span class='ocrx_word' id='word_1_13' title='bbox 2242 530 2401 627; x_wconf 90' lang='lat' dir='ltr'><strong><em>(nisi</em></strong></span> <span class='ocrx_word' id='word_1_14' title='bbox 2425 535 2550 604; x_wconf 84' lang='lat' dir='ltr'><strong><em>fal-</em></strong></span> 
     </span>
     <span class='ocr_line' id='line_1_3' title="bbox 407 626 2546 754; baseline -0.001 -24"><span class='ocrx_word' id='word_1_15' title='bbox 407 658 532 754; x_wconf 93' lang='lat' dir='ltr'><strong><em>lor)</em></strong></span> <span class='ocrx_word' id='word_1_16' title='bbox 573 669 644 731; x_wconf 90' lang='lat' dir='ltr'><strong><em>et</em></strong></span> <span class='ocrx_word' id='word_1_17' title='bbox 689 657 1135 730; x_wconf 83' lang='lat' dir='ltr'>memorabile</span> <span class='ocrx_word' id='word_1_18' title='bbox 1183 658 1508 743; x_wconf 86' lang='lat' dir='ltr'><strong><em>inseram,</em></strong></span> <span class='ocrx_word' id='word_1_19' title='bbox 1565 626 1753 750; x_wconf 59' lang='lat' dir='ltr'><strong><em>‘quod</em></strong></span> <span class='ocrx_word' id='word_1_20' title='bbox 1801 657 1984 751; x_wconf 88' lang='lat' dir='ltr'><strong><em>apud</em></strong></span> <span class='ocrx_word' id='word_1_21' title='bbox 2034 656 2546 744; x_wconf 83' lang='lat' dir='ltr'><strong>Quintilianum,</strong></span> 
     </span>
     <span class='ocr_line' id='line_1_4' title="bbox 406 780 2553 874; baseline -0.002 -19"><span class='ocrx_word' id='word_1_22' title='bbox 406 781 884 855; x_wconf 84' lang='lat' dir='ltr'><strong><em>acutissimum</em></strong></span> <span class='ocrx_word' id='word_1_23' title='bbox 905 780 1152 866; x_wconf 89' lang='lat' dir='ltr'><strong><em>virum,</em></strong></span> <span class='ocrx_word' id='word_1_24' title='bbox 1183 781 1348 871; x_wconf 82' lang='lat' dir='ltr'><strong><em>legi:</em></strong></span> <span class='ocrx_word' id='word_1_25' title='bbox 1375 782 1564 874; x_wconf 89' lang='lat' dir='ltr'><strong><em>quod</em></strong></span> <span class='ocrx_word' id='word_1_26' title='bbox 1590 782 1913 874; x_wconf 85' lang='lat' dir='ltr'><strong><em>quoniam</em></strong></span> <span class='ocrx_word' id='word_1_27' title='bbox 1941 780 2243 853; x_wconf 89' lang='lat' dir='ltr'><strong><em>breviter</em></strong></span> <span class='ocrx_word' id='word_1_28' title='bbox 2269 802 2351 852; x_wconf 84' lang='lat' dir='ltr'><strong><em>ac</em></strong></span> <span class='ocrx_word' id='word_1_29' title='bbox 2374 780 2553 851; x_wconf 88' lang='lat' dir='ltr'><strong><em>dilu-</em></strong></span> 
     </span>
     <span class='ocr_line' id='line_1_5' title="bbox 408 902 2547 997; baseline -0.003 -20"><span class='ocrx_word' id='word_1_30' title='bbox 408 903 558 977; x_wconf 82' lang='lat' dir='ltr'><strong><em>cide</em></strong></span> <span class='ocrx_word' id='word_1_31' title='bbox 597 905 689 975; x_wconf 86' lang='lat' dir='ltr'><strong><em>ab</em></strong></span> <span class='ocrx_word' id='word_1_32' title='bbox 719 904 965 975; x_wconf 90' lang='lat' dir='ltr'><strong><em>eodem</em></strong></span> <span class='ocrx_word' id='word_1_33' title='bbox 1008 903 1337 997; x_wconf 85' lang='lat' dir='ltr'><strong><em>seriptum</em></strong></span> <span class='ocrx_word' id='word_1_34' title='bbox 1378 914 1555 989; x_wconf 91' lang='lat' dir='ltr'><strong><em>erat,</em></strong></span> <span class='ocrx_word' id='word_1_35' title='bbox 1600 916 1871 976; x_wconf 82' lang='lat' dir='ltr'><strong><em>mutare</em></strong></span> <span class='ocrx_word' id='word_1_36' title='bbox 1910 904 2126 978; x_wconf 86' lang='lat' dir='ltr'><strong><em>verba</em></strong></span> <span class='ocrx_word' id='word_1_37' title='bbox 2163 926 2300 975; x_wconf 92' lang='lat' dir='ltr'><strong><em>non</em></strong></span> <span class='ocrx_word' id='word_1_38' title='bbox 2335 902 2547 973; x_wconf 92' lang='lat' dir='ltr'><strong><em>libuit.</em></strong></span> 
     </span>
     <span class='ocr_line' id='line_1_6' title="bbox 406 1026 2555 1121; baseline -0.003 -21"><span class='ocrx_word' id='word_1_39' title='bbox 406 1027 658 1100; x_wconf 79' lang='lat' dir='ltr'><strong><em>Accidit</em></strong></span> <span class='ocrx_word' id='word_1_40' title='bbox 697 1030 904 1113; x_wconf 89' lang='lat' dir='ltr'><strong><em>enim,</em></strong></span> <span class='ocrx_word' id='word_1_41' title='bbox 947 1026 1192 1120; x_wconf 87' lang='lat' dir='ltr'><strong><em>inquit,</em></strong></span> <span class='ocrx_word' id='word_1_42' title='bbox 1230 1030 1428 1098; x_wconf 86' lang='lat' dir='ltr'><strong><em>etiam</em></strong></span> <span class='ocrx_word' id='word_1_43' title='bbox 1466 1028 1822 1121; x_wconf 68' lang='lat' dir='ltr'><strong><em>inqeniosis</em></strong></span> <span class='ocrx_word' id='word_1_44' title='bbox 1869 1027 2378 1099; x_wconf 78' lang='lat' dir='ltr'><em>adolescentibus</em></span> <span class='ocrx_word' id='word_1_45' title='bbox 2421 1028 2555 1115; x_wconf 85' lang='lat' dir='ltr'><strong><em>sre-</em></strong></span> 
     </span>
     <span class='ocr_line' id='line_1_7' title="bbox 408 1145 2557 1244; baseline -0.003 -20"><span class='ocrx_word' id='word_1_46' title='bbox 408 1164 695 1244; x_wconf 81' lang='lat' dir='ltr'><strong><em>quenter,</em></strong></span> <span class='ocrx_word' id='word_1_47' title='bbox 730 1163 803 1222; x_wconf 89' lang='lat' dir='ltr'><strong><em>ut</em></strong></span> <span class='ocrx_word' id='word_1_48' title='bbox 842 1153 1060 1222; x_wconf 86' lang='lat' dir='ltr'><strong><em>labore</em></strong></span> <span class='ocrx_word' id='word_1_49' title='bbox 1100 1162 1599 1235; x_wconf 89' lang='lat' dir='ltr'><strong><em>consumantur,</em></strong></span> <span class='ocrx_word' id='word_1_50' title='bbox 1637 1161 1700 1221; x_wconf 91' lang='lat' dir='ltr'><strong><em>et</em></strong></span> <span class='ocrx_word' id='word_1_51' title='bbox 1732 1152 1805 1220; x_wconf 91' lang='lat' dir='ltr'><strong><em>in</em></strong></span> <span class='ocrx_word' id='word_1_52' title='bbox 1846 1153 2181 1222; x_wconf 87' lang='lat' dir='ltr'><strong><em>silentium</em></strong></span> <span class='ocrx_word' id='word_1_53' title='bbox 2220 1171 2422 1242; x_wconf 81' lang='lat' dir='ltr'><strong><em>usque</em></strong></span> <span class='ocrx_word' id='word_1_54' title='bbox 2446 1145 2557 1217; x_wconf 90' lang='lat' dir='ltr'><strong><em>de-</em></strong></span> 
     </span>
     <span class='ocr_line' id='line_1_8' title="bbox 408 1269 2556 1367; baseline -0 -24"><span class='ocrx_word' id='word_1_55' title='bbox 408 1272 745 1357; x_wconf 79' lang='lat' dir='ltr'><strong><em>scendant,</em></strong></span> <span class='ocrx_word' id='word_1_56' title='bbox 788 1273 1002 1343; x_wconf 88' lang='lat' dir='ltr'><strong><em>nimia</em></strong></span> <span class='ocrx_word' id='word_1_57' title='bbox 1043 1274 1201 1342; x_wconf 83' lang='lat' dir='ltr'><strong><em>bene</em></strong></span> <span class='ocrx_word' id='word_1_58' title='bbox 1239 1269 1500 1342; x_wconf 88' lang='lat' dir='ltr'><strong><em>dicendi</em></strong></span> <span class='ocrx_word' id='word_1_59' title='bbox 1537 1271 1912 1367; x_wconf 85' lang='lat' dir='ltr'><strong><em>cupiditate.</em></strong></span> <span class='ocrx_word' id='word_1_60' title='bbox 1975 1272 2124 1361; x_wconf 82' lang='lat' dir='ltr'><strong><em>Qua</em></strong></span> <span class='ocrx_word' id='word_1_61' title='bbox 2172 1271 2249 1343; x_wconf 90' lang='lat' dir='ltr'><strong><em>de</em></strong></span> <span class='ocrx_word' id='word_1_62' title='bbox 2297 1293 2373 1341; x_wconf 92' lang='lat' dir='ltr'><strong><em>re</em></strong></span> <span class='ocrx_word' id='word_1_63' title='bbox 2419 1295 2556 1347; x_wconf 89' lang='lat' dir='ltr'><strong><em>me-</em></strong></span> 
     </span>
     <span class='ocr_line' id='line_1_9' title="bbox 409 1390 2552 1486; baseline 0 -19"><span class='ocrx_word' id='word_1_64' title='bbox 409 1395 580 1467; x_wconf 88' lang='lat' dir='ltr'><strong><em>mini</em></strong></span> <span class='ocrx_word' id='word_1_65' title='bbox 595 1416 900 1466; x_wconf 87' lang='lat' dir='ltr'><strong><em>narrasse</em></strong></span> <span class='ocrx_word' id='word_1_66' title='bbox 925 1394 1093 1464; x_wconf 81' lang='lat' dir='ltr'><strong><em>mihi</em></strong></span> <span class='ocrx_word' id='word_1_67' title='bbox 1102 1392 1351 1463; x_wconf 83' lang='lat' dir='ltr'><strong><em>Iulium</em></strong></span> <span class='ocrx_word' id='word_1_68' title='bbox 1372 1390 1754 1464; x_wconf 89' lang='lat' dir='ltr'><strong><em>Secundum</em></strong></span> <span class='ocrx_word' id='word_1_69' title='bbox 1781 1396 1969 1464; x_wconf 90' lang='lat' dir='ltr'><strong><em>illum</em></strong></span> <span class='ocrx_word' id='word_1_70' title='bbox 1983 1396 2297 1486; x_wconf 82' lang='lat' dir='ltr'><strong><em>aequalem</em></strong></span> <span class='ocrx_word' id='word_1_71' title='bbox 2316 1419 2552 1482; x_wconf 87' lang='lat' dir='ltr'><strong><em>meum,</em></strong></span> 
     </span>
     <span class='ocr_line' id='line_1_10' title="bbox 408 1515 2558 1612; baseline 0.001 -24"><span class='ocrx_word' id='word_1_72' title='bbox 408 1530 596 1611; x_wconf 82' lang='lat' dir='ltr'><strong><em>atque</em></strong></span> <span class='ocrx_word' id='word_1_73' title='bbox 636 1540 678 1588; x_wconf 92' lang='lat' dir='ltr'><strong><em>a</em></strong></span> <span class='ocrx_word' id='word_1_74' title='bbox 701 1539 805 1587; x_wconf 88' lang='lat' dir='ltr'><strong><em>me</em></strong></span> <span class='ocrx_word' id='word_1_75' title='bbox 839 1517 939 1612; x_wconf 86' lang='lat' dir='ltr'><strong><em>(ut</em></strong></span> <span class='ocrx_word' id='word_1_76' title='bbox 977 1528 1206 1587; x_wconf 87' lang='lat' dir='ltr'><strong><em>notum</em></strong></span> <span class='ocrx_word' id='word_1_77' title='bbox 1238 1515 1359 1610; x_wconf 89' lang='lat' dir='ltr'><strong><em>est)</em></strong></span> <span class='ocrx_word' id='word_1_78' title='bbox 1398 1518 1821 1606; x_wconf 76' lang='lat' dir='ltr'><strong><em>familiariter</em></strong></span> <span class='ocrx_word' id='word_1_79' title='bbox 1867 1528 2189 1603; x_wconf 87' lang='lat' dir='ltr'><strong><em>amatum,</em></strong></span> <span class='ocrx_word' id='word_1_80' title='bbox 2234 1520 2420 1589; x_wconf 87' lang='lat' dir='ltr'><strong><em>miroe</em></strong></span> <span class='ocrx_word' id='word_1_81' title='bbox 2455 1523 2558 1610; x_wconf 81' lang='lat' dir='ltr'><strong><em>sa-</em></strong></span> 
     </span>
     <span class='ocr_line' id='line_1_11' title="bbox 412 1640 2558 1737; baseline 0.001 -26"><span class='ocrx_word' id='word_1_82' title='bbox 412 1640 667 1711; x_wconf 86' lang='lat' dir='ltr'><strong><em>cundiae</em></strong></span> <span class='ocrx_word' id='word_1_83' title='bbox 705 1643 950 1726; x_wconf 83' lang='lat' dir='ltr'><strong><em>virum,</em></strong></span> <span class='ocrx_word' id='word_1_84' title='bbox 995 1642 1276 1735; x_wconf 85' lang='lat' dir='ltr'><strong><em>infinitoe</em></strong></span> <span class='ocrx_word' id='word_1_85' title='bbox 1310 1652 1529 1711; x_wconf 87' lang='lat' dir='ltr'><strong><em>tamen</em></strong></span> <span class='ocrx_word' id='word_1_86' title='bbox 1571 1662 1763 1726; x_wconf 85' lang='lat' dir='ltr'><strong><em>curae,</em></strong></span> <span class='ocrx_word' id='word_1_87' title='bbox 1806 1640 1964 1735; x_wconf 81' lang='lat' dir='ltr'><strong><em>quid</em></strong></span> <span class='ocrx_word' id='word_1_88' title='bbox 2002 1652 2161 1712; x_wconf 85' lang='lat' dir='ltr'><strong><em>esset</em></strong></span> <span class='ocrx_word' id='word_1_89' title='bbox 2198 1643 2325 1712; x_wconf 85' lang='lat' dir='ltr'><strong><em>sibi</em></strong></span> <span class='ocrx_word' id='word_1_90' title='bbox 2359 1666 2403 1714; x_wconf 90' lang='lat' dir='ltr'><strong><em>a</em></strong></span> <span class='ocrx_word' id='word_1_91' title='bbox 2430 1666 2558 1737; x_wconf 91' lang='lat' dir='ltr'><strong><em>pa-</em></strong></span> 
     </span>
     <span class='ocr_line' id='line_1_12' title="bbox 413 1761 2561 1858; baseline 0.001 -25"><span class='ocrx_word' id='word_1_92' title='bbox 413 1774 559 1833; x_wconf 90' lang='lat' dir='ltr'><strong><em>truo</em></strong></span> <span class='ocrx_word' id='word_1_93' title='bbox 589 1785 707 1833; x_wconf 83' lang='lat' dir='ltr'><strong><em>suo</em></strong></span> <span class='ocrx_word' id='word_1_94' title='bbox 744 1761 1004 1834; x_wconf 83' lang='lat' dir='ltr'><strong><em>dictum.</em></strong></span> <span class='ocrx_word' id='word_1_95' title='bbox 1042 1762 1109 1834; x_wconf 90' lang='lat' dir='ltr'><strong><em>Is</em></strong></span> <span class='ocrx_word' id='word_1_96' title='bbox 1137 1763 1266 1856; x_wconf 81' lang='lat' dir='ltr'><strong><em>suit</em></strong></span> <span class='ocrx_word' id='word_1_97' title='bbox 1291 1761 1502 1834; x_wconf 83' lang='lat' dir='ltr'><strong><em>Iulius</em></strong></span> <span class='ocrx_word' id='word_1_98' title='bbox 1525 1763 1770 1833; x_wconf 87' lang='lat' dir='ltr'><strong><em>Florus</em></strong></span> <span class='ocrx_word' id='word_1_99' title='bbox 1802 1765 1874 1834; x_wconf 91' lang='lat' dir='ltr'><strong><em>in</em></strong></span> <span class='ocrx_word' id='word_1_100' title='bbox 1909 1765 2274 1858; x_wconf 80' lang='lat' dir='ltr'><strong><em>eloquentia</em></strong></span> <span class='ocrx_word' id='word_1_101' title='bbox 2307 1762 2561 1837; x_wconf 87' lang='lat' dir='ltr'><strong><em>Gallia-</em></strong></span> 
     </span>
     <span class='ocr_line' id='line_1_13' title="bbox 409 1884 2559 1982; baseline 0.002 -28"><span class='ocrx_word' id='word_1_102' title='bbox 409 1908 560 1954; x_wconf 85' lang='lat' dir='ltr'><strong><em>rum</em></strong></span> <span class='ocrx_word' id='word_1_103' title='bbox 601 1885 935 1980; x_wconf 81' lang='lat' dir='ltr'><strong><em>(quoniam</em></strong></span> <span class='ocrx_word' id='word_1_104' title='bbox 966 1889 1059 1957; x_wconf 85' lang='lat' dir='ltr'><strong><em>ibi</em></strong></span> <span class='ocrx_word' id='word_1_105' title='bbox 1081 1884 1343 1957; x_wconf 87' lang='lat' dir='ltr'><strong><em>demum</em></strong></span> <span class='ocrx_word' id='word_1_106' title='bbox 1367 1889 1666 1957; x_wconf 79' lang='lat' dir='ltr'><strong><em>emercuit</em></strong></span> <span class='ocrx_word' id='word_1_107' title='bbox 1700 1885 1886 1981; x_wconf 79' lang='lat' dir='ltr'><strong><em>eam)</em></strong></span> <span class='ocrx_word' id='word_1_108' title='bbox 1896 1888 2234 1982; x_wconf 86' lang='lat' dir='ltr'><strong><em>princeps,</em></strong></span> <span class='ocrx_word' id='word_1_109' title='bbox 2264 1890 2559 1978; x_wconf 85' lang='lat' dir='ltr'><strong><em>alioquin</em></strong></span> 
     </span>
     <span class='ocr_line' id='line_1_14' title="bbox 412 2007 2561 2105; baseline 0.001 -28"><span class='ocrx_word' id='word_1_110' title='bbox 412 2009 585 2078; x_wconf 86' lang='lat' dir='ltr'><strong><em>inter</em></strong></span> <span class='ocrx_word' id='word_1_111' title='bbox 612 2030 859 2102; x_wconf 86' lang='lat' dir='ltr'><strong><em>paucos</em></strong></span> <span class='ocrx_word' id='word_1_112' title='bbox 892 2007 1195 2094; x_wconf 82' lang='lat' dir='ltr'><strong><em>disertus,</em></strong></span> <span class='ocrx_word' id='word_1_113' title='bbox 1225 2021 1287 2080; x_wconf 92' lang='lat' dir='ltr'><strong><em>et</em></strong></span> <span class='ocrx_word' id='word_1_114' title='bbox 1321 2008 1559 2101; x_wconf 74' lang='lat' dir='ltr'><strong><em>diqnus</em></strong></span> <span class='ocrx_word' id='word_1_115' title='bbox 1583 2011 1700 2079; x_wconf 88' lang='lat' dir='ltr'><strong><em>illa</em></strong></span> <span class='ocrx_word' id='word_1_116' title='bbox 1727 2012 2233 2103; x_wconf 80' lang='lat' dir='ltr'><strong><em>propinquitate.</em></strong></span> <span class='ocrx_word' id='word_1_117' title='bbox 2263 2009 2329 2079; x_wconf 87' lang='lat' dir='ltr'><strong><em>Is</em></strong></span> <span class='ocrx_word' id='word_1_118' title='bbox 2362 2033 2561 2105; x_wconf 83' lang='lat' dir='ltr'><strong><em>quum</em></strong></span> 
     </span>
     <span class='ocr_line' id='line_1_15' title="bbox 419 2128 2562 2227; baseline 0.001 -26"><span class='ocrx_word' id='word_1_119' title='bbox 419 2128 815 2217; x_wconf 83' lang='lat' dir='ltr'><strong><em>Secundum,</em></strong></span> <span class='ocrx_word' id='word_1_120' title='bbox 851 2134 1082 2203; x_wconf 79' lang='lat' dir='ltr'><strong><em>scholoe</em></strong></span> <span class='ocrx_word' id='word_1_121' title='bbox 1114 2131 1324 2204; x_wconf 80' lang='lat' dir='ltr'><strong><em>adhue</em></strong></span> <span class='ocrx_word' id='word_1_122' title='bbox 1359 2157 1625 2227; x_wconf 87' lang='lat' dir='ltr'><strong><em>operam</em></strong></span> <span class='ocrx_word' id='word_1_123' title='bbox 1659 2132 1943 2218; x_wconf 88' lang='lat' dir='ltr'><strong><em>dantem,</em></strong></span> <span class='ocrx_word' id='word_1_124' title='bbox 1982 2136 2232 2204; x_wconf 82' lang='lat' dir='ltr'><strong><em>tristem</em></strong></span> <span class='ocrx_word' id='word_1_125' title='bbox 2260 2140 2427 2227; x_wconf 80' lang='lat' dir='ltr'><strong><em>sorte</em></strong></span> <span class='ocrx_word' id='word_1_126' title='bbox 2459 2134 2562 2203; x_wconf 88' lang='lat' dir='ltr'><strong><em>vi-</em></strong></span> 
     </span>
     <span class='ocr_line' id='line_1_16' title="bbox 410 2247 2564 2344; baseline 0 -25"><span class='ocrx_word' id='word_1_127' title='bbox 410 2247 618 2334; x_wconf 85' lang='lat' dir='ltr'><strong><em>disset,</em></strong></span> <span class='ocrx_word' id='word_1_128' title='bbox 648 2252 1079 2342; x_wconf 71' lang='lat' dir='ltr'><strong><em>interroyavit</em></strong></span> <span class='ocrx_word' id='word_1_129' title='bbox 1115 2274 1258 2344; x_wconf 82' lang='lat' dir='ltr'><strong><em>quoe</em></strong></span> <span class='ocrx_word' id='word_1_130' title='bbox 1291 2272 1487 2322; x_wconf 87' lang='lat' dir='ltr'><strong><em>causa</em></strong></span> <span class='ocrx_word' id='word_1_131' title='bbox 1517 2254 1755 2341; x_wconf 75' lang='lat' dir='ltr'><strong><em>frontis</em></strong></span> <span class='ocrx_word' id='word_1_132' title='bbox 1784 2262 1916 2321; x_wconf 88' lang='lat' dir='ltr'><strong><em>tam</em></strong></span> <span class='ocrx_word' id='word_1_133' title='bbox 1943 2249 2260 2333; x_wconf 85' lang='lat' dir='ltr'><strong><em>obductoe,·</em></strong></span> <span class='ocrx_word' id='word_1_134' title='bbox 2289 2272 2407 2320; x_wconf 88' lang='lat' dir='ltr'><strong><em>nec</em></strong></span> <span class='ocrx_word' id='word_1_135' title='bbox 2433 2248 2564 2321; x_wconf 90' lang='lat' dir='ltr'><strong><em>dis-</em></strong></span> 
     </span>
     <span class='ocr_line' id='line_1_17' title="bbox 410 2370 2567 2465; baseline 0.001 -23"><span class='ocrx_word' id='word_1_136' title='bbox 410 2372 746 2444; x_wconf 87' lang='lat' dir='ltr'><strong><em>simulavit</em></strong></span> <span class='ocrx_word' id='word_1_137' title='bbox 783 2370 1149 2444; x_wconf 78' lang='lat' dir='ltr'><strong><em>adolescens</em></strong></span> <span class='ocrx_word' id='word_1_138' title='bbox 1184 2373 1449 2444; x_wconf 86' lang='lat' dir='ltr'><strong><em>tertium</em></strong></span> <span class='ocrx_word' id='word_1_139' title='bbox 1488 2374 1623 2444; x_wconf 89' lang='lat' dir='ltr'><strong><em>iam</em></strong></span> <span class='ocrx_word' id='word_1_140' title='bbox 1654 2370 1828 2444; x_wconf 88' lang='lat' dir='ltr'><strong><em>diem</em></strong></span> <span class='ocrx_word' id='word_1_141' title='bbox 1867 2395 2017 2458; x_wconf 87' lang='lat' dir='ltr'><strong><em>esse,</em></strong></span> <span class='ocrx_word' id='word_1_142' title='bbox 2063 2396 2154 2444; x_wconf 78' lang='lat' dir='ltr'><strong><em>ea&gt;</em></strong></span> <span class='ocrx_word' id='word_1_143' title='bbox 2193 2396 2337 2465; x_wconf 84' lang='lat' dir='ltr'><strong><em>quo,</em></strong></span> <span class='ocrx_word' id='word_1_144' title='bbox 2384 2375 2567 2445; x_wconf 88' lang='lat' dir='ltr'><strong><em>omni</em></strong></span> 
     </span>
     <span class='ocr_line' id='line_1_18' title="bbox 420 2494 2565 2582; baseline 0.002 -18"><span class='ocrx_word' id='word_1_145' title='bbox 420 2496 661 2582; x_wconf 84' lang='lat' dir='ltr'><strong><em>labore,</em></strong></span> <span class='ocrx_word' id='word_1_146' title='bbox 711 2497 1006 2567; x_wconf 87' lang='lat' dir='ltr'><strong><em>materioe</em></strong></span> <span class='ocrx_word' id='word_1_147' title='bbox 1068 2494 1155 2567; x_wconf 87' lang='lat' dir='ltr'><strong><em>ad</em></strong></span> <span class='ocrx_word' id='word_1_148' title='bbox 1200 2495 1613 2567; x_wconf 85' lang='lat' dir='ltr'><strong><em>scribendum</em></strong></span> <span class='ocrx_word' id='word_1_149' title='bbox 1661 2496 1999 2569; x_wconf 70' lang='lat' dir='ltr'><strong><em>destinatae</em></strong></span> <span class='ocrx_word' id='word_1_150' title='bbox 2048 2520 2183 2568; x_wconf 91' lang='lat' dir='ltr'><strong><em>non</em></strong></span> <span class='ocrx_word' id='word_1_151' title='bbox 2209 2495 2212 2496; x_wconf 44' lang='lat'><em>⁷</em></span> <span class='ocrx_word' id='word_1_152' title='bbox 2234 2500 2565 2569; x_wconf 85' lang='lat' dir='ltr'><strong><em>inveniret</em></strong></span> 
     </span>
     <span class='ocr_line' id='line_1_19' title="bbox 415 2617 2567 2714; baseline 0.001 -26"><span class='ocrx_word' id='word_1_153' title='bbox 415 2617 788 2702; x_wconf 74' lang='lat' dir='ltr'><strong><em>emordium5</em></strong></span> <span class='ocrx_word' id='word_1_154' title='bbox 826 2642 950 2714; x_wconf 82' lang='lat' dir='ltr'><strong><em>quo</em></strong></span> <span class='ocrx_word' id='word_1_155' title='bbox 988 2619 1116 2689; x_wconf 84' lang='lat' dir='ltr'><strong><em>sibi</em></strong></span> <span class='ocrx_word' id='word_1_156' title='bbox 1147 2642 1282 2690; x_wconf 86' lang='lat' dir='ltr'><strong><em>non</em></strong></span> <span class='ocrx_word' id='word_1_157' title='bbox 1312 2642 1610 2714; x_wconf 87' lang='lat' dir='ltr'><strong><em>praesens</em></strong></span> <span class='ocrx_word' id='word_1_158' title='bbox 1646 2631 1902 2691; x_wconf 89' lang='lat' dir='ltr'><strong><em>tantum</em></strong></span> <span class='ocrx_word' id='word_1_159' title='bbox 1941 2619 2149 2709; x_wconf 90' lang='lat' dir='ltr'><strong><em>dolor,</em></strong></span> <span class='ocrx_word' id='word_1_160' title='bbox 2204 2619 2316 2692; x_wconf 90' lang='lat' dir='ltr'><strong><em>sed</em></strong></span> <span class='ocrx_word' id='word_1_161' title='bbox 2372 2624 2567 2692; x_wconf 89' lang='lat' dir='ltr'><strong><em>etiam</em></strong></span> 
     </span>
     <span class='ocr_line' id='line_1_20' title="bbox 412 2739 2568 2839; baseline 0.002 -29"><span class='ocrx_word' id='word_1_162' title='bbox 412 2739 769 2838; x_wconf 85' lang='lat' dir='ltr'><strong><em>desperatio</em></strong></span> <span class='ocrx_word' id='word_1_163' title='bbox 810 2745 881 2814; x_wconf 92' lang='lat' dir='ltr'><strong><em>in</em></strong></span> <span class='ocrx_word' id='word_1_164' title='bbox 912 2754 1249 2838; x_wconf 86' lang='lat' dir='ltr'><strong><em>posterum</em></strong></span> <span class='ocrx_word' id='word_1_165' title='bbox 1284 2746 1486 2839; x_wconf 85' lang='lat' dir='ltr'><strong><em>fieret.</em></strong></span> <span class='ocrx_word' id='word_1_166' title='bbox 1537 2744 1701 2815; x_wconf 88' lang='lat' dir='ltr'><strong><em>Tum</em></strong></span> <span class='ocrx_word' id='word_1_167' title='bbox 1723 2743 1966 2815; x_wconf 88' lang='lat' dir='ltr'><strong><em>Florus</em></strong></span> <span class='ocrx_word' id='word_1_168' title='bbox 1992 2743 2327 2815; x_wconf 84' lang='lat' dir='ltr'><strong><em>arridens:</em></strong></span> <span class='ocrx_word' id='word_1_169' title='bbox 2353 2743 2568 2814; x_wconf 87' lang='lat' dir='ltr'><strong><em>Num-</em></strong></span> 
     </span>
     <span class='ocr_line' id='line_1_21' title="bbox 414 2858 2568 2956; baseline -0 -25"><span class='ocrx_word' id='word_1_170' title='bbox 414 2858 566 2952; x_wconf 81' lang='lat' dir='ltr'><strong><em>quid</em></strong></span> <span class='ocrx_word' id='word_1_171' title='bbox 602 2872 701 2947; x_wconf 86' lang='lat' dir='ltr'><strong><em>tu,</em></strong></span> <span class='ocrx_word' id='word_1_172' title='bbox 742 2862 986 2952; x_wconf 81' lang='lat' dir='ltr'><strong><em>inquit,</em></strong></span> <span class='ocrx_word' id='word_1_173' title='bbox 1028 2864 1259 2932; x_wconf 85' lang='lat' dir='ltr'><strong><em>melius</em></strong></span> <span class='ocrx_word' id='word_1_174' title='bbox 1300 2858 1516 2932; x_wconf 85' lang='lat' dir='ltr'><strong><em>dicere</em></strong></span> <span class='ocrx_word' id='word_1_175' title='bbox 1546 2864 1649 2933; x_wconf 85' lang='lat' dir='ltr'><strong><em>vis</em></strong></span> <span class='ocrx_word' id='word_1_176' title='bbox 1687 2885 1884 2954; x_wconf 85' lang='lat' dir='ltr'><strong><em>quam</em></strong></span> <span class='ocrx_word' id='word_1_177' title='bbox 1904 2862 2134 2956; x_wconf 80' lang='lat' dir='ltr'><strong><em>potes?</em></strong></span> <span class='ocrx_word' id='word_1_178' title='bbox 2171 2863 2315 2933; x_wconf 88' lang='lat' dir='ltr'><strong><em>Hoc</em></strong></span> <span class='ocrx_word' id='word_1_179' title='bbox 2338 2863 2568 2955; x_wconf 85' lang='lat' dir='ltr'><strong><em>nepoti</em></strong></span> 
     </span>
     <span class='ocr_line' id='line_1_22' title="bbox 416 2982 2562 3071; baseline -0.001 -17"><span class='ocrx_word' id='word_1_180' title='bbox 416 3004 543 3054; x_wconf 89' lang='lat' dir='ltr'><strong><em>suo</em></strong></span> <span class='ocrx_word' id='word_1_181' title='bbox 604 2985 876 3056; x_wconf 78' lang='lat' dir='ltr'><strong><em>Florus,</em></strong></span> <span class='ocrx_word' id='word_1_182' title='bbox 942 2983 1405 3067; x_wconf 83' lang='lat' dir='ltr'><strong><em>Quintilianus</em></strong></span> <span class='ocrx_word' id='word_1_183' title='bbox 1465 2995 1696 3057; x_wconf 83' lang='lat' dir='ltr'><strong><em>autem</em></strong></span> <span class='ocrx_word' id='word_1_184' title='bbox 1744 2984 1974 3071; x_wconf 91' lang='lat' dir='ltr'><strong><em>nobis,</em></strong></span> <span class='ocrx_word' id='word_1_185' title='bbox 2028 2984 2164 3056; x_wconf 91' lang='lat' dir='ltr'><strong><em>imo</em></strong></span> <span class='ocrx_word' id='word_1_186' title='bbox 2213 2982 2562 3067; x_wconf 75' lang='lat' dir='ltr'><strong><em>omnibuS,</em></strong></span> 
     </span>
     <span class='ocr_line' id='line_1_23' title="bbox 417 3104 2569 3200; baseline -0.002 -19"><span class='ocrx_word' id='word_1_187' title='bbox 417 3114 537 3190; x_wconf 80' lang='lat' dir='ltr'><strong><em>ita,</em></strong></span> <span class='ocrx_word' id='word_1_188' title='bbox 580 3106 829 3199; x_wconf 86' lang='lat' dir='ltr'><strong><em>inquit,</em></strong></span> <span class='ocrx_word' id='word_1_189' title='bbox 871 3128 938 3176; x_wconf 84' lang='lat' dir='ltr'><strong><em>se</em></strong></span> <span class='ocrx_word' id='word_1_190' title='bbox 987 3128 1090 3177; x_wconf 88' lang='lat' dir='ltr'><strong><em>res</em></strong></span> <span class='ocrx_word' id='word_1_191' title='bbox 1140 3109 1347 3178; x_wconf 81' lang='lat' dir='ltr'><strong><em>habet.</em></strong></span> <span class='ocrx_word' id='word_1_192' title='bbox 1409 3104 1796 3178; x_wconf 79' lang='lat' dir='ltr'><strong><em>Curandum</em></strong></span> <span class='ocrx_word' id='word_1_193' title='bbox 1846 3119 1939 3178; x_wconf 87' lang='lat' dir='ltr'><strong><em>est</em></strong></span> <span class='ocrx_word' id='word_1_194' title='bbox 1976 3119 2050 3178; x_wconf 83' lang='lat' dir='ltr'><strong><em>ut</em></strong></span> <span class='ocrx_word' id='word_1_195' title='bbox 2087 3131 2284 3199; x_wconf 84' lang='lat' dir='ltr'><strong><em>quam</em></strong></span> <span class='ocrx_word' id='word_1_196' title='bbox 2332 3109 2569 3200; x_wconf 88' lang='lat' dir='ltr'><strong><em>optime</em></strong></span> 
     </span>
     <span class='ocr_line' id='line_1_24' title="bbox 416 3227 2569 3327; baseline 0.001 -30"><span class='ocrx_word' id='word_1_197' title='bbox 416 3227 734 3310; x_wconf 84' lang='lat' dir='ltr'><strong><em>dieamus,·</em></strong></span> <span class='ocrx_word' id='word_1_198' title='bbox 759 3227 1105 3299; x_wconf 89' lang='lat' dir='ltr'><strong><em>dicendum</em></strong></span> <span class='ocrx_word' id='word_1_199' title='bbox 1136 3240 1352 3301; x_wconf 89' lang='lat' dir='ltr'><strong><em>tamen</em></strong></span> <span class='ocrx_word' id='word_1_200' title='bbox 1381 3253 1502 3324; x_wconf 86' lang='lat' dir='ltr'><strong><em>pro</em></strong></span> <span class='ocrx_word' id='word_1_201' title='bbox 1523 3233 1873 3322; x_wconf 75' lang='lat' dir='ltr'><strong><em>facultate5</em></strong></span> <span class='ocrx_word' id='word_1_202' title='bbox 1900 3231 1989 3302; x_wconf 91' lang='lat' dir='ltr'><strong><em>ad</em></strong></span> <span class='ocrx_word' id='word_1_203' title='bbox 2002 3236 2368 3327; x_wconf 76' lang='lat' dir='ltr'><strong><em>profectum</em></strong></span> <span class='ocrx_word' id='word_1_204' title='bbox 2391 3232 2569 3301; x_wconf 89' lang='lat' dir='ltr'><strong><em>enim</em></strong></span> 
     </span>
     <span class='ocr_line' id='line_1_25' title="bbox 419 3351 2568 3447; baseline 0.003 -28"><span class='ocrx_word' id='word_1_205' title='bbox 419 3373 579 3443; x_wconf 81' lang='lat' dir='ltr'><strong><em>opus</em></strong></span> <span class='ocrx_word' id='word_1_206' title='bbox 617 3362 708 3421; x_wconf 82' lang='lat' dir='ltr'><strong><em>est</em></strong></span> <span class='ocrx_word' id='word_1_207' title='bbox 743 3351 984 3438; x_wconf 87' lang='lat' dir='ltr'><strong><em>studio,</em></strong></span> <span class='ocrx_word' id='word_1_208' title='bbox 1028 3374 1163 3423; x_wconf 91' lang='lat' dir='ltr'><strong><em>non</em></strong></span> <span class='ocrx_word' id='word_1_209' title='bbox 1188 3351 1666 3447; x_wconf 59' lang='lat' dir='ltr'><strong><em>indignatione.</em></strong></span> <span class='ocrx_word' id='word_1_210' title='bbox 1698 3356 1900 3440; x_wconf 85' lang='lat' dir='ltr'><strong><em>Quod</em></strong></span> <span class='ocrx_word' id='word_1_211' title='bbox 1921 3357 2284 3430; x_wconf 83' lang='lat' dir='ltr'><strong><em>consilium</em></strong></span> <span class='ocrx_word' id='word_1_212' title='bbox 2312 3354 2402 3426; x_wconf 88' lang='lat' dir='ltr'><strong><em>ab</em></strong></span> <span class='ocrx_word' id='word_1_213' title='bbox 2426 3356 2568 3426; x_wconf 89' lang='lat' dir='ltr'><strong><em>elo-</em></strong></span> 
     </span>
     <span class='ocr_line' id='line_1_26' title="bbox 421 3475 2567 3570; baseline -0 -26"><span class='ocrx_word' id='word_1_214' title='bbox 421 3478 701 3566; x_wconf 84' lang='lat' dir='ltr'><strong><em>quentia</em></strong></span> <span class='ocrx_word' id='word_1_215' title='bbox 739 3475 829 3547; x_wconf 83' lang='lat' dir='ltr'><strong><em>ad</em></strong></span> <span class='ocrx_word' id='word_1_216' title='bbox 860 3486 1056 3547; x_wconf 85' lang='lat' dir='ltr'><strong><em>aetus</em></strong></span> <span class='ocrx_word' id='word_1_217' title='bbox 1098 3475 1268 3549; x_wconf 84' lang='lat' dir='ltr'><strong><em>alios</em></strong></span> <span class='ocrx_word' id='word_1_218' title='bbox 1304 3476 1469 3548; x_wconf 83' lang='lat' dir='ltr'><strong><em>vitae</em></strong></span> <span class='ocrx_word' id='word_1_219' title='bbox 1503 3477 1860 3549; x_wconf 90' lang='lat' dir='ltr'><strong><em>hominum</em></strong></span> <span class='ocrx_word' id='word_1_220' title='bbox 1893 3478 2355 3570; x_wconf 87' lang='lat' dir='ltr'><strong><em>multiplieiter</em></strong></span> <span class='ocrx_word' id='word_1_221' title='bbox 2388 3476 2567 3546; x_wconf 85' lang='lat' dir='ltr'><strong><em>trahi</em></strong></span> 
     </span>
     <span class='ocr_line' id='line_1_27' title="bbox 418 3598 2560 3692; baseline -0 -23"><span class='ocrx_word' id='word_1_222' title='bbox 418 3607 664 3689; x_wconf 87' lang='lat' dir='ltr'><strong><em>potest.</em></strong></span> <span class='ocrx_word' id='word_1_223' title='bbox 712 3598 849 3672; x_wconf 87' lang='lat' dir='ltr'><strong><em>Sed</em></strong></span> <span class='ocrx_word' id='word_1_224' title='bbox 886 3599 1212 3692; x_wconf 84' lang='lat' dir='ltr'><strong><em>quoniam</em></strong></span> <span class='ocrx_word' id='word_1_225' title='bbox 1244 3600 1333 3671; x_wconf 91' lang='lat' dir='ltr'><strong><em>de</em></strong></span> <span class='ocrx_word' id='word_1_226' title='bbox 1357 3599 1633 3692; x_wconf 81' lang='lat' dir='ltr'><strong><em>ingenio</em></strong></span> <span class='ocrx_word' id='word_1_227' title='bbox 1658 3598 2114 3691; x_wconf 84' lang='lat' dir='ltr'><strong><em>facundiaque</em></strong></span> <span class='ocrx_word' id='word_1_228' title='bbox 2142 3619 2368 3670; x_wconf 86' lang='lat' dir='ltr'><strong><em>sermo</em></strong></span> <span class='ocrx_word' id='word_1_229' title='bbox 2390 3608 2560 3682; x_wconf 85' lang='lat' dir='ltr'><strong><em>erat,</em></strong></span> 
     </span>
     <span class='ocr_line' id='line_1_28' title="bbox 422 3718 2567 3815; baseline 0 -29"><span class='ocrx_word' id='word_1_230' title='bbox 422 3719 781 3815; x_wconf 86' lang='lat' dir='ltr'><strong><em>utriusque</em></strong></span> <span class='ocrx_word' id='word_1_231' title='bbox 820 3722 952 3807; x_wconf 90' lang='lat' dir='ltr'><strong><em>rei,</em></strong></span> <span class='ocrx_word' id='word_1_232' title='bbox 994 3733 1073 3794; x_wconf 89' lang='lat' dir='ltr'><strong><em>ut</em></strong></span> <span class='ocrx_word' id='word_1_233' title='bbox 1121 3734 1532 3795; x_wconf 84' lang='lat' dir='ltr'><strong><em>caeterarum</em></strong></span> <span class='ocrx_word' id='word_1_234' title='bbox 1582 3718 1913 3808; x_wconf 90' lang='lat' dir='ltr'><strong><em>omnium,</em></strong></span> <span class='ocrx_word' id='word_1_235' title='bbox 1968 3718 2253 3790; x_wconf 84' lang='lat' dir='ltr'><strong><em>divitiae</em></strong></span> <span class='ocrx_word' id='word_1_236' title='bbox 2290 3727 2360 3789; x_wconf 90' lang='lat' dir='ltr'><strong><em>et</em></strong></span> <span class='ocrx_word' id='word_1_237' title='bbox 2396 3739 2567 3810; x_wconf 90' lang='lat' dir='ltr'><strong><em>pau—</em></strong></span> 
     </span>
     <span class='ocr_line' id='line_1_29' title="bbox 419 3840 2567 3938; baseline 0.001 -29"><span class='ocrx_word' id='word_1_238' title='bbox 419 3851 655 3933; x_wconf 85' lang='lat' dir='ltr'><strong><em>pertas</em></strong></span> <span class='ocrx_word' id='word_1_239' title='bbox 697 3865 902 3937; x_wconf 86' lang='lat' dir='ltr'><strong><em>aequo</em></strong></span> <span class='ocrx_word' id='word_1_240' title='bbox 942 3845 1171 3919; x_wconf 89' lang='lat' dir='ltr'><strong><em>animo</em></strong></span> <span class='ocrx_word' id='word_1_241' title='bbox 1209 3846 1535 3918; x_wconf 75' lang='lat' dir='ltr'><strong><em>ferendae.</em></strong></span> <span class='ocrx_word' id='word_1_242' title='bbox 1573 3844 1646 3916; x_wconf 93' lang='lat' dir='ltr'><strong><em>Si</em></strong></span> <span class='ocrx_word' id='word_1_243' title='bbox 1670 3867 1878 3938; x_wconf 88' lang='lat' dir='ltr'><strong><em>quem</em></strong></span> <span class='ocrx_word' id='word_1_244' title='bbox 1908 3864 2077 3915; x_wconf 86' lang='lat' dir='ltr'><strong><em>sane</em></strong></span> <span class='ocrx_word' id='word_1_245' title='bbox 2099 3852 2243 3913; x_wconf 89' lang='lat' dir='ltr'><strong><em>tam</em></strong></span> <span class='ocrx_word' id='word_1_246' title='bbox 2267 3840 2567 3933; x_wconf 82' lang='lat' dir='ltr'><strong><em>benigno</em></strong></span> 
     </span>
     <span class='ocr_line' id='line_1_30' title="bbox 420 3962 2563 4063; baseline 0.001 -30"><span class='ocrx_word' id='word_1_247' title='bbox 420 3962 679 4035; x_wconf 88' lang='lat' dir='ltr'><strong><em>lumine</em></strong></span> <span class='ocrx_word' id='word_1_248' title='bbox 712 3977 899 4039; x_wconf 83' lang='lat' dir='ltr'><strong><em>astra</em></strong></span> <span class='ocrx_word' id='word_1_249' title='bbox 931 3968 1390 4063; x_wconf 85' lang='lat' dir='ltr'><strong><em>respexerint,</em></strong></span> <span class='ocrx_word' id='word_1_250' title='bbox 1435 3980 1512 4040; x_wconf 91' lang='lat' dir='ltr'><strong><em>ut</em></strong></span> <span class='ocrx_word' id='word_1_251' title='bbox 1543 3967 1694 4062; x_wconf 91' lang='lat' dir='ltr'><strong><em>ipse</em></strong></span> <span class='ocrx_word' id='word_1_252' title='bbox 1726 3967 1860 4040; x_wconf 90' lang='lat' dir='ltr'><strong><em>sibi</em></strong></span> <span class='ocrx_word' id='word_1_253' title='bbox 1901 3966 2050 4038; x_wconf 90' lang='lat' dir='ltr'><strong><em>sine</em></strong></span> <span class='ocrx_word' id='word_1_254' title='bbox 2073 3965 2390 4037; x_wconf 81' lang='lat' dir='ltr'><strong><em>externae’</em></strong></span> <span class='ocrx_word' id='word_1_255' title='bbox 2410 3962 2563 4057; x_wconf 90' lang='lat' dir='ltr'><strong><em>opis</em></strong></span> 
     </span>
     <span class='ocr_line' id='line_1_31' title="bbox 420 4087 2564 4186; baseline -0.001 -27"><span class='ocrx_word' id='word_1_256' title='bbox 420 4087 835 4161; x_wconf 86' lang='lat' dir='ltr'><strong><em>adminiculo</em></strong></span> <span class='ocrx_word' id='word_1_257' title='bbox 876 4091 1045 4162; x_wconf 82' lang='lat' dir='ltr'><strong><em>satis</em></strong></span> <span class='ocrx_word' id='word_1_258' title='bbox 1083 4090 1196 4175; x_wconf 87' lang='lat' dir='ltr'><strong><em>sit,</em></strong></span> <span class='ocrx_word' id='word_1_259' title='bbox 1241 4100 1312 4162; x_wconf 90' lang='lat' dir='ltr'><strong><em>et</em></strong></span> <span class='ocrx_word' id='word_1_260' title='bbox 1348 4112 1469 4183; x_wconf 91' lang='lat' dir='ltr'><strong><em>per</em></strong></span> <span class='ocrx_word' id='word_1_261' title='bbox 1504 4113 1580 4163; x_wconf 91' lang='lat' dir='ltr'><strong><em>se</em></strong></span> <span class='ocrx_word' id='word_1_262' title='bbox 1619 4091 1844 4186; x_wconf 88' lang='lat' dir='ltr'><strong><em>ipsum</em></strong></span> <span class='ocrx_word' id='word_1_263' title='bbox 1879 4087 2284 4180; x_wconf 79' lang='lat' dir='ltr'><strong><em>magnificos</em></strong></span> <span class='ocrx_word' id='word_1_264' title='bbox 2312 4108 2564 4160; x_wconf 86' lang='lat' dir='ltr'><strong><em>sensus</em></strong></span> 
     </span>
     <span class='ocr_line' id='line_1_32' title="bbox 420 4211 2566 4308; baseline -0 -26"><span class='ocrx_word' id='word_1_265' title='bbox 420 4212 638 4301; x_wconf 88' lang='lat' dir='ltr'><strong><em>possit</em></strong></span> <span class='ocrx_word' id='word_1_266' title='bbox 672 4213 1096 4307; x_wconf 81' lang='lat' dir='ltr'><strong><em>exprimere3</em></strong></span> <span class='ocrx_word' id='word_1_267' title='bbox 1138 4216 1426 4285; x_wconf 89' lang='lat' dir='ltr'><strong><em>multum</em></strong></span> <span class='ocrx_word' id='word_1_268' title='bbox 1468 4214 1680 4289; x_wconf 84' lang='lat' dir='ltr'><strong><em>hahet</em></strong></span> <span class='ocrx_word' id='word_1_269' title='bbox 1711 4213 1899 4308; x_wconf 90' lang='lat' dir='ltr'><strong><em>quod</em></strong></span> <span class='ocrx_word' id='word_1_270' title='bbox 1929 4212 2111 4284; x_wconf 89' lang='lat' dir='ltr'><strong><em>dono</em></strong></span> <span class='ocrx_word' id='word_1_271' title='bbox 2151 4211 2394 4303; x_wconf 83' lang='lat' dir='ltr'><strong><em>gratiae</em></strong></span> <span class='ocrx_word' id='word_1_272' title='bbox 2425 4231 2566 4281; x_wconf 74' lang='grc' dir='ltr'><strong><em>οω-</em></strong></span> 
     </span>
    </p>
   </div>
  </div>
 </body>
</html>
