3104 4805
598 319 712 380 :322
1024 324 1031 331 ’
1273 334 1355 379 DE
1398 334 1597 381 nunus
1641 332 2079 381 rAmuAnmus

598 484 805 556 obvio
857 484 1199 567 Cicerone,
1254 491 1670 576 perventum
1721 493 1866 567 est,
1925 480 2339 553 venerabilis
2393 482 2581 576 apud
2630 506 2760 556 nos

598 606 886 679 Romani
927 605 1115 698 regis
1149 605 1398 675 Numae
1434 603 1747 698 Pompilii
1794 614 2146 691 senectuS,
2205 608 2332 680 sed
2384 609 2762 681 venerabi-

598 733 725 801 lior
765 729 1070 813 Catonis,
1103 729 1391 814 Camilli,
1438 728 1663 812 Fabii,
1703 729 1981 813 Metelli,
2028 752 2107 800 ac
2142 730 2399 801 Valerii
2457 732 2754 818 Corvini,

598 874 894 946 quorum
930 852 1072 921 fere
1113 850 1420 921 omnium
1464 873 1600 922 una
1643 859 1753 922 est
1786 860 1981 934 aetaS,
2022 859 2300 922 centum
2337 853 2525 924 anni:
2556 852 2757 947 Appii

598 995 877 1067 quoque
915 974 1098 1044 illius
1137 973 1329 1058 caeci,
1383 974 1474 1045 de
1524 973 1725 1043 cuius
1776 975 2087 1045 caecitate
2138 975 2447 1046 omnium
2498 976 2756 1047 civium

599 1096 778 1167 oculi
808 1105 880 1167 et
911 1096 1240 1167 universa
1271 1095 1663 1187 respublica
1696 1095 2061 1167 consilium
2089 1097 2575 1189 expectabant.
2600 1098 2762 1171 Glo-

600 1220 984 1292 riosissime
1012 1219 1239 1290 senuit
1264 1217 1656 1311 Augustus,
1693 1221 2063 1315 Pompeius
2093 1221 2453 1292 infelicius.
2497 1223 2757 1294 Verum

601 1365 735 1414 non
772 1345 860 1416 de
912 1347 1207 1427 fortuna,
1266 1344 1389 1416 sed
1439 1343 1528 1414 de
1579 1353 1781 1416 aetate
1833 1344 1944 1416 hic
1997 1347 2244 1438 agitur.
2283 1347 2486 1417 Certe
2517 1346 2760 1439 Augu-

602 1479 752 1538 stus
787 1468 935 1562 ipse
977 1466 1284 1537 omnium
1314 1467 1663 1538 maximus
1692 1490 1772 1540 ac
1806 1469 2332 1563 potentissimus
2385 1473 2758 1543 monarcha

599 1601 755 1685 post
813 1592 1191 1684 inceptum,
1260 1599 1333 1663 ut
1406 1591 1828 1685 quibusdam
1891 1595 2115 1688 placet
2175 1604 2244 1665 et
2295 1595 2483 1687 quod
2550 1618 2756 1668 nemo

599 1726 826 1806 negat,
897 1714 1286 1786 diutissime
1354 1738 1765 1808 summaque
1829 1738 1986 1788 cum
2066 1739 2234 1812 pace
2299 1718 2758 1810 gubernatum

600 1836 991 1931 imperium,
1037 1837 1217 1908 inter
1258 1841 1511 1910 multas
1546 1841 2013 1911 Romanorum
2054 1841 2398 1927 lacrimaS,
2446 1841 2760 1935 interque

600 1960 1015 2032 castissimae
1062 1961 1380 2054 coniugis
1430 1963 1828 2055 amplexus,
1885 1972 2087 2034 sexto
2122 1986 2201 2035 ac
2240 1963 2758 2057 septuagesimo

599 2084 825 2155 aetatis
862 2106 1045 2156 anno
1079 2085 1342 2176 placida
1384 2093 1606 2155 morte
1636 2085 2034 2157 subtractus
2060 2097 2191 2157 est.
2240 2087 2576 2158 Eamdem
2616 2110 2762 2159 me-

603 2220 738 2280 tam
811 2210 1031 2280 tenuit
1092 2208 1558 2300 AugustinuS,
1630 2217 1707 2280 ut
1771 2210 2066 2294 nomine,
2114 2210 2215 2281 sic
2248 2211 2415 2281 vitae
2467 2213 2760 2282 termino

601 2333 905 2404 imitatus
967 2330 1386 2423 Augustum.
1456 2332 1923 2429 Hieronymus
1993 2355 2162 2404 vero
2233 2333 2541 2406 vivacior
2606 2334 2752 2406 fuit.

600 2455 937 2546 Origenes
965 2453 1052 2524 ad
1097 2456 1688 2549 septuagesimum
1718 2457 1883 2527 vitae
1917 2479 2173 2528 annum
2212 2458 2423 2527 venit.
2452 2459 2755 2529 Tertium

599 2587 669 2647 et
710 2576 1231 2668 sexagesimum
1259 2579 1656 2650 Bernardus
1703 2579 2030 2673 implevit.
2061 2583 2160 2652 De
2185 2579 2556 2652 Ambrosio
2588 2581 2761 2652 Gre-

600 2699 933 2792 gorioque
971 2717 1107 2770 non
1146 2699 1237 2770 ita
1278 2711 1707 2795 compertum
1747 2712 1969 2774 teneo.
2025 2704 2284 2775 Omnes
2328 2715 2558 2776 tamen
2599 2727 2761 2797 pro—

599 2826 706 2894 cul
750 2824 963 2895 dubio
1023 2835 1419 2910 senuerunt,
1459 2827 1864 2921 providente
1913 2827 2051 2911 illo,
2107 2827 2292 2919 apud
2343 2850 2550 2921 quem
2603 2828 2757 2898 fons

603 2946 765 3018 vitae
816 2958 951 3033 est,
994 2971 1083 3019 ne
1117 2948 1187 3017 hi
1214 2971 1458 3044 parum
1516 2950 1858 3033 viverent,
1913 2972 2210 3042 quorum
2264 2950 2405 3022 vita
2458 2953 2755 3022 multum

599 3071 952 3161 profutura
993 3081 1142 3142 erat
1188 3072 1540 3143 Ecclesiae.
1581 3071 1688 3144 Ad
1733 3071 2231 3165 octogesimum
2270 3096 2529 3144 annum
2563 3075 2758 3146 venit

597 3191 882 3264 Asinius
923 3194 1154 3264 Pollio.
1194 3196 1468 3265 Marcus
1501 3195 1719 3265 Varro
1746 3195 2053 3267 vivendo
2087 3208 2158 3269 et
2199 3197 2575 3269 scribendo
2618 3219 2753 3269 sae-

598 3317 732 3389 culi
774 3318 980 3388 unius
1024 3318 1309 3389 sortitus
1350 3326 1459 3389 est
1500 3319 1820 3412 spatium.
1849 3320 2061 3391 Multa
2105 3321 2192 3391 de
2236 3342 2360 3392 sua
2405 3331 2756 3393 senectute

597 3441 867 3511 locutus
902 3449 1011 3511 est
1052 3442 1312 3513 Seneca
1342 3463 1582 3528 seneX,
1614 3444 1967 3538 aliquanto
1997 3444 2227 3515 senior
2268 3447 2573 3529 futuruS,
2620 3445 2751 3515 nisi

597 3565 792 3635 ferox
834 3563 1214 3658 discipulus
1258 3566 1617 3637 vetuisset.
1652 3569 1979 3640 Permitte
2008 3569 2201 3652 mihi,
2233 3591 2356 3639 oro
2383 3578 2483 3654 te,
2530 3569 2759 3640 indul-

599 3685 1004 3775 gentissime
1047 3697 1270 3781 pater,
1328 3691 1644 3783 permitte
1689 3690 1883 3774 mihi,
1930 3699 2006 3760 ut
2050 3671 2549 3775 narrationem,
2593 3713 2757 3784 quae

599 3808 803 3879 valde
843 3809 1145 3879 animum
1190 3831 1421 3882 meum
1465 3814 1732 3905 premit,
1772 3813 1932 3885 huic
1975 3818 2123 3886 loco
2166 3815 2493 3899 inseram,
2548 3824 2617 3885 te
2658 3817 2757 3886 sa-

600 3944 830 4015 vente‚
886 3942 955 4001 et
1007 3934 1384 4005 senectutis
1436 3935 1665 4008 adhuc
1707 3935 1986 4008 unicum
2022 3940 2452 4033 exemplum,
2493 3937 2755 4009 humile

595 4052 875 4143 quidem
919 4073 999 4126 ac
1033 4079 1300 4160 recens,
1349 4059 1474 4130 sed
1516 4059 1913 4144 honestum,
1967 4070 2039 4131 et
2077 4062 2277 4134 cuius
2330 4062 2493 4132 mihi
2530 4061 2755 4133 dulcis

599 4193 677 4242 ac
731 4176 1129 4248 veneranda
1197 4181 1578 4251 recordatio
1628 4194 1760 4266 est,
1828 4193 1926 4255 tot
1983 4185 2440 4275 gloriosorum
2503 4204 2751 4253 senum
