3104 4805
896 438 1078 487 mnan
1124 440 1809 491 SEXTUS.-EPISTOLA
1856 444 1908 488 v.
2363 431 2471 491 341

1173 714 1521 777 EPISTULA
1574 718 1640 778 V.

489 924 871 974 FRANCISCUS
914 927 1248 977 PETRARCA
1291 928 1588 977 BARBATO
1631 929 2030 979 SULMONENSI
2073 930 2123 977 S.
2172 932 2223 978 P.
2271 934 2327 979 D.

821 1115 1079 1187 Deplorat
1107 1117 1311 1171 caedem
1342 1118 1583 1172 Andreae
1615 1120 1759 1189 regis
1788 1120 1975 1175 Siculi.

571 1340 719 1409 Heu
759 1361 968 1431 quam
1020 1341 1333 1424 violenti,
1387 1363 1596 1433 quam
1649 1342 2081 1414 inevitabiles
2135 1355 2298 1415 sunt
2345 1346 2481 1416 for-

326 1473 514 1534 tunae
551 1463 798 1533 exitus·
829 1463 940 1533 vel
981 1464 1299 1556 praevisi!
1343 1465 1542 1557 Saepe
1596 1464 1906 1557 quidem,
1967 1475 2044 1537 ut
2076 1467 2275 1552 nosti,
2313 1468 2481 1537 Bar-

321 1586 484 1659 bate
523 1587 1028 1687 amantissime,
1084 1588 1172 1660 de
1229 1590 1501 1660 fortuna
1565 1588 1793 1679 deque
1847 1588 1999 1659 aliis
2059 1589 2478 1682 quibusdam

321 1710 511 1801 loqui
553 1710 772 1791 soleo,
816 1718 893 1777 ut
929 1709 1212 1798 vulguS,
1252 1728 1338 1776 ne
1380 1706 1449 1776 in
1486 1728 1807 1778 sermone
1860 1709 2130 1798 vulgari
2176 1708 2481 1800 singula-

323 1833 421 1904 ris
462 1853 863 1925 appaream3
917 1830 976 1900 si
1030 1852 1347 1902 seorsum
1399 1832 1802 1921 interroger,
1843 1852 2308 1923 responsurus
2343 1832 2480 1900 for-

325 1965 513 2026 tasse
551 1956 755 2045 longe
795 1954 1009 2024 aliter.
1055 1954 1190 2024 Sed
1225 1963 1534 2037 transeo,
1573 1974 1679 2036 ne,
1721 1951 1779 2023 si
1820 1952 2156 2038 haeream,
2196 1960 2478 2024 acturus

320 2077 537 2160 aliud,
583 2076 670 2146 de
714 2076 842 2147 hac
892 2098 968 2146 re
1020 2075 1477 2167 supervacuis
1517 2075 2130 2170 disputatiunculis
2173 2074 2479 2170 implicer

318 2197 850 2290 abstraharque.
882 2199 967 2268 Ut
990 2207 1220 2268 autem
1246 2208 1545 2292 coeptum
1576 2219 1845 2290 sequar,
1867 2208 1938 2269 et
1960 2199 2233 2269 fortuna
2257 2198 2479 2268 omni-

327 2330 573 2415 potens
625 2330 697 2389 et
760 2317 1187 2391 ineluctabile
1256 2322 1467 2391 fatum
1529 2341 1670 2390 non
1734 2342 1891 2390 cum
1959 2321 2173 2411 vulgo
2225 2322 2469 2404 solum,

319 2445 448 2530 sed
487 2467 646 2516 cum
682 2442 1005 2514 maximis
1040 2453 1249 2536 atque
1304 2444 1726 2515 doctissimis
1785 2442 2205 2535 quibusdam
2273 2443 2469 2527 viriS,

314 2577 387 2638 et
420 2566 491 2635 in
548 2566 788 2660 primis
830 2588 989 2637 cum
1043 2565 1343 2658 Virgilio,
1400 2565 1623 2636 videri
1687 2565 1939 2658 possit3
2002 2564 2138 2636 nisi
2178 2575 2248 2636 et
2287 2586 2472 2638 unus

314 2691 794 2783 OmnipotenS,
848 2700 919 2760 et
966 2689 1083 2762 fati
1134 2710 1385 2759 nomen
1439 2688 1508 2758 in
1535 2712 1653 2761 ore
1692 2687 2028 2761 catholico
2062 2671 2472 2783 'suspectum

315 2817 511 2888 foret.
566 2812 656 2883 At
694 2835 1152 2907 quaecumque
1197 2812 1307 2883 vis
1361 2813 1472 2883 illa
1515 2812 1633 2897 sit,
1696 2833 1822 2882 seu
1872 2811 1995 2881 Dei
2035 2810 2286 2882 iudicio
2345 2832 2473 2883 seu

312 2937 664 3031 permissu
716 2959 830 3008 res
880 2935 1236 3007 hominum
1299 2956 1622 3019 versanS,
1694 2933 1882 3005 haud
1941 2932 2152 3005 dubie
2219 2956 2473 3025 magna

313 3062 425 3132 vis
465 3075 535 3133 et
568 3084 855 3155 prorsus
882 3058 1339 3131 ineluctabilis
1374 3068 1512 3140 est,
1558 3065 1631 3127 et
1655 3057 2036 3127 adversum
2079 3077 2286 3149 quam
2327 3057 2472 3126 fru-

316 3194 461 3256 stra
499 3184 931 3254 imbecillitas
958 3182 1175 3252 nostri
1201 3189 1494 3251 conatus
1537 3179 1935 3271 accingitur.
1972 3179 2143 3249 Nam
2187 3177 2471 3246 incursu

316 3306 496 3376 facili
531 3305 892 3376 consilium
929 3304 1309 3372 humanum
1338 3301 1666 3395 opprimit
1690 3299 1851 3370 mali
1895 3301 2136 3382 moleS,
2183 3309 2254 3367 et
2285 3288 2469 3367 mor-

319 3427 452 3496 tale
479 3425 862 3493 remedium
889 3422 1173 3492 discutit
1207 3420 1463 3489 invicta
1490 3420 1895 3490 necessitas.
1941 3419 2018 3489 Id
2062 3418 2121 3488 si
2160 3439 2467 3509 unquam

320 3545 519 3628 alias,
565 3565 747 3613 nunc
789 3541 1091 3612 maxime
1131 3541 1552 3611 intellectum
1604 3550 2194 3635 conspectumque
2230 3538 2469 3609 claris-

322 3669 496 3738 sime
550 3673 678 3734 est.
747 3666 941 3753 Rogo
980 3664 1148 3754 quid
1183 3660 1376 3745 novi,
1431 3662 1600 3753 quid
1642 3662 1895 3754 inopini
1955 3660 2247 3732 accidit?
2295 3660 2467 3743 Quis

317 3810 455 3858 non
497 3789 629 3857 ista
667 3785 1131 3878 praeviderat‘?
1169 3786 1258 3855 Et
1299 3782 1713 3878 praevidisse
1738 3785 1908 3877 quid
1964 3783 2259 3880 profuit?
2298 3784 2465 3853 Tam

317 3908 655 4002 profunde
681 3908 863 3979 enim
895 3907 1053 3979 totis
1088 3908 1277 4001 regni
1314 3906 1717 4000 praecordiis
1757 3931 1833 3978 se
1875 3905 2203 3999 nequitiae
2234 3906 2461 3977 dirum

318 4031 513 4103 virus
556 4032 921 4116 infuderat,
972 4042 1046 4103 ut
1087 4031 1222 4102 iam
1274 4029 1403 4102 nisi
1449 4031 1871 4104 mortiferum
1923 4052 2086 4103 esse
2123 4053 2258 4102 non
2300 4053 2462 4126 pos-

320 4163 442 4226 set.
489 4149 780 4227 Tantum
821 4156 1157 4240 audaciae,
1198 4166 1602 4248 tantumque
1640 4155 1933 4227 licentiae
1976 4155 2455 4249 reproborum,

319 4291 503 4351 tanta
530 4282 798 4375 piorum
826 4280 1236 4373 desperatio,
1271 4288 1502 4350 tantus
1532 4302 1787 4352 moeror
1814 4279 2216 4352 incesserat.
2248 4279 2459 4347 Erant
