3104 4805
573 324 649 384 10
1247 330 1554 380 EPISTOLA
1599 330 1682 378 An
1726 329 2068 379 posrnnos

575 479 756 547 latus
803 475 1179 556 videretur,
1223 495 1379 543 cum
1423 473 1537 544 die
1578 473 1880 563 quodam
1924 471 1997 541 in
2035 481 2365 542 montana
2404 495 2735 547 conscen—

573 597 780 680 denS,
835 600 1011 669 sorte
1056 605 1249 665 trans
1300 594 1576 664 Entiam
1632 614 1907 664 amnem
1963 593 2296 683 Rheginis
2349 596 2421 664 in
2478 594 2735 668 finibus

573 719 835 789 Silvam
884 737 1045 810 quae
1094 717 1309 786 Plana
1350 715 1601 785 dicitur
1642 714 2002 800 adiissem,
2050 714 2285 784 subita
2325 716 2453 786 loci
2506 718 2736 809 specie

572 860 981 934 percussuS,
1054 837 1146 909 ad
1208 837 1678 908 intermissam
1744 834 2051 908 Africam
2104 837 2342 908 stilum
2390 840 2614 922 verti3
2664 851 2735 911 et

573 964 845 1033 fervore
901 959 1141 1041 animi,
1195 959 1317 1049 qui
1353 957 1619 1051 sopitus
1663 956 2050 1041 videbatur,
2097 959 2431 1044 excitato,
2488 963 2735 1054 scripsi

574 1084 1079 1175 aliquantulum
1129 1080 1241 1152 die
1289 1079 1430 1163 illo,
1493 1091 1653 1172 post
1708 1080 2053 1151 continuis
2113 1080 2364 1152 diebus
2430 1083 2736 1174 quotidie

576 1204 869 1296 aliquid,
913 1203 1135 1275 donec
1183 1202 1506 1272 Parmam
1555 1201 1837 1273 rediens
1887 1213 1960 1273 et
2007 1212 2360 1294 repostam
2412 1225 2495 1273 ac
2546 1215 2735 1275 tran-

574 1327 858 1418 quillam
892 1333 1138 1395 nactus
1174 1322 1485 1407 domum,
1525 1343 1688 1414 quae
1729 1334 1972 1414 postea
2004 1332 2264 1417 empta,
2302 1346 2485 1395 nunc
2521 1326 2729 1395 etiam

575 1467 731 1519 mea
769 1455 899 1528 est,
945 1455 1137 1516 tanto
1178 1444 1428 1516 ardore
1476 1466 1653 1536 opus
1705 1444 1904 1529 illud,
1949 1467 2088 1516 non
2138 1466 2388 1535 magno
2437 1445 2509 1515 in
2559 1455 2730 1517 tem-

575 1591 764 1662 pore,
797 1568 890 1640 ad
912 1567 1181 1639 exitum
1214 1566 1503 1653 deduxi,
1541 1577 1622 1638 ut
1659 1568 1807 1660 ipse
1846 1588 2124 1659 quoque
2162 1588 2345 1636 nunc
2385 1576 2726 1658 stupeam.

577 1689 742 1760 Inde
769 1708 1095 1758 reversus
1124 1686 1215 1758 ad
1240 1690 1496 1758 fontem
1531 1685 1797 1777 Sorgiae
1820 1697 1893 1757 et
1925 1686 2018 1757 ad
2044 1685 2481 1758 solitudinem
2506 1696 2732 1758 trans-

578 1809 881 1902 alpinam
933 1810 1105 1882 redii
1154 1831 1313 1881 cum
1355 1809 1494 1879 iam
1533 1818 1861 1899 quartum
1912 1817 1984 1879 et
2032 1808 2467 1899 trigesimum
2506 1809 2730 1879 aetatis

577 1952 834 2002 annum
882 1942 1041 2024 post
1095 1941 1291 2021 terga
1340 1930 1831 2020 relinquerem3
1891 1930 2152 2022 diuque
2209 1941 2279 2001 et
2334 1932 2609 2003 Parmae
2667 1942 2737 2002 et

520 2055 531 2061 ’
574 2054 871 2123 Veronae
903 2063 1247 2134 versatuS,
1283 2061 1353 2120 et
1386 2050 1664 2141 ubique,
1695 2053 1838 2121 Deo
1873 2052 2158 2141 gratias,
2188 2075 2398 2125 carus
2431 2054 2729 2138 habituS,

575 2174 793 2245 multo
842 2172 1138 2263 amplius
1191 2191 1403 2262 quam
1454 2173 1784 2240 valerem.
1854 2174 2174 2266 Longum
2237 2183 2396 2264 post
2455 2182 2730 2263 tempus

577 2294 709 2365 viri
759 2293 1029 2384 optimi,
1083 2302 1154 2363 et
1202 2291 1401 2361 cuius
1443 2292 1680 2364 nescio
1731 2316 1822 2365 an
1870 2318 1912 2366 e
1961 2315 2247 2366 numero
2295 2292 2730 2364 dominorum

573 2414 948 2506 quisquam
991 2414 1235 2484 similis
1290 2436 1421 2485 sua
1470 2426 1676 2489 aetate
1714 2419 1826 2489 vir
1865 2419 2096 2501 fuerit,
2134 2417 2344 2489 immo
2376 2438 2549 2489 vero
2589 2417 2732 2488 scio

574 2534 763 2624 quod
810 2535 1065 2619 nullus,
1119 2535 1346 2607 Iacobi
1401 2537 1492 2609 de
1547 2540 1918 2611 Carrharia
1962 2538 2253 2609 Iunioris
2295 2541 2504 2612 famae
2549 2562 2733 2635 prae-

575 2656 771 2726 conio
809 2655 1359 2730 benevolentiam
1397 2661 1720 2753 adeptuS,
1757 2660 2023 2730 nunciis
2064 2682 2343 2751 quoque
2382 2673 2452 2731 et
2489 2663 2729 2733 litteris

577 2797 800 2867 usque
836 2786 1027 2845 trans
1057 2776 1285 2871 Alpes,
1325 2780 1604 2871 quando
1639 2779 1731 2847 ibi
1766 2799 1980 2860 eram,
2017 2789 2087 2848 et
2118 2801 2241 2869 per
2277 2780 2540 2849 Italiam
2574 2780 2730 2849 ubi-

574 2918 871 2988 cumque
908 2897 1009 2967 fui
1047 2901 1302 2971 multos
1344 2922 1466 2992 per
1518 2918 1734 2967 annos
1780 2897 1987 2967 tantis
2030 2899 2354 2990 precibus
2395 2898 2725 2988 fatigatus

576 3040 755 3103 sum,
800 3029 873 3089 et
910 3020 979 3088 in
1023 3042 1223 3091 suam
1268 3021 1668 3092 sollicitatus
1713 3017 2113 3105 amicitiam,
2160 3032 2236 3091 ut
2272 3020 2598 3112 quamvis
2639 3022 2728 3092 de

575 3139 883 3210 felicibus
926 3141 1023 3211 nil
1063 3162 1432 3234 sperarem,
1469 3138 1897 3207 decreverim
1941 3141 2220 3213 tandem
2261 3141 2493 3233 ipsum
2537 3143 2727 3215 adire

573 3270 641 3329 et
681 3260 920 3333 videre
958 3262 1128 3354 quid
1169 3260 1299 3329 sibi
1342 3260 1495 3327 haec
1533 3259 1771 3348 magni
1809 3271 1881 3331 et
1919 3261 2136 3352 ignoti
2177 3264 2310 3335 viri
2350 3273 2543 3334 tanta
2582 3266 2729 3335 vel-

572 3385 665 3453 let
714 3384 1060 3456 instantia.
1113 3383 1351 3472 Itaque
1401 3400 1558 3451 sero
1607 3380 1890 3471 quidem
1940 3384 2309 3485 Patavium
2360 3385 2552 3470 veni,
2609 3384 2729 3456 ubi

575 3505 666 3575 ab
715 3508 829 3577 illo
868 3501 1277 3574 clarissimae
1318 3502 1674 3573 memoriae
1725 3505 1878 3576 viro
1928 3527 2068 3577 non
2117 3507 2420 3577 humane
2461 3517 2727 3578 tantum

575 3629 699 3701 sed
741 3629 917 3698 sicut
955 3623 1025 3693 in
1065 3625 1319 3695 coelum
1353 3625 1583 3695 felices
1620 3625 1874 3697 animae
1917 3629 2366 3721 recipiuntur,
2406 3640 2727 3722 acceptus
2769 3641 2784 3647 ·

574 3774 754 3835 sum,
802 3759 989 3819 tanto
1029 3769 1188 3817 cum
1241 3746 1521 3837 gaudiO,
1569 3758 1850 3841 tamque
1889 3751 2356 3822 inaestimabili
2396 3751 2729 3821 charitate

575 3894 654 3941 ac
689 3873 960 3965 pietate,
998 3880 1077 3941 ut
1110 3869 1274 3961 quia
1308 3890 1596 3961 aequare
1627 3892 1784 3942 eam
1820 3871 2055 3943 verbis
2091 3895 2298 3966 posse
2333 3895 2470 3945 non
2505 3892 2722 3963 spero,

577 3993 842 4065 silentio
882 3991 1335 4084 opprimenda
1377 3990 1486 4061 sit.
1534 3993 1716 4063 Inter
1755 3996 1971 4063 multa
2024 3996 2249 4066 sciens
2296 4016 2405 4064 me
2445 3989 2726 4061 clerica-

577 4116 707 4183 lem
760 4114 973 4182 vitam
1025 4133 1066 4178 a
1116 4114 1409 4201 pueritia
1463 4115 1793 4198 tenuisse,
1843 4126 1921 4186 ut
1958 4138 2067 4186 me
2105 4138 2245 4188 non
2286 4113 2417 4186 sihi
2472 4113 2723 4194 solum,
