3104 4805
500 364 616 425 420
1170 374 1251 422 nn
1294 374 1493 421 nanus
1538 374 1980 424 autumamus

500 527 674 597 miro
709 499 1079 594 licetfonte
1108 521 1470 612 cognosci3
1506 521 1695 613 quod
1733 520 1983 592 idcirco
2017 520 2349 606 dixerim,
2385 544 2467 592 ne
2502 525 2661 615 quis

498 647 789 728 dubitet,
847 666 957 715 me
1008 643 1175 714 illud
1215 665 1337 713 rus
1375 666 1558 715 nunc
1612 664 1976 736 spernere,
2022 642 2208 736 quod
2244 643 2413 713 mihi
2452 645 2662 715 meis-

497 791 634 862 que
682 768 891 837 rebus
939 763 1380 857 aptissimum
1426 786 1705 857 semper
1746 764 2009 848 inveni,
2050 764 2171 834 ubi
2215 785 2406 857 saepe
2453 788 2659 838 curas

500 891 802 963 urbanas
868 886 1128 958 rustica
1179 885 1419 979 requie
1473 886 1906 978 permutavi:
1959 885 2147 978 quod
2200 908 2338 955 non
2392 897 2656 958 tantum

495 1012 827 1083 electione
862 1010 1040 1103 ipsa,
1082 1009 1208 1080 sed
1249 1006 1652 1098 agrestibus
1689 1007 1935 1092 muriS,
1983 1017 2054 1078 et
2092 1007 2194 1102 (ut
2230 1007 2455 1101 spero)
2498 1011 2660 1079 soli-

497 1135 689 1206 diore
723 1140 1089 1215 caemento,
1127 1129 1365 1201 verbis
1402 1139 1611 1221 atque
1647 1128 2103 1212 carminibus,
2145 1129 2491 1200 illustrare
2531 1154 2656 1224 pro

498 1257 766 1326 viribus
825 1252 1080 1325 studui.
1146 1251 1315 1335 Illic,
1387 1251 1582 1322 iuvat
1632 1250 1816 1322 enim
1868 1251 2301 1336 meminisse,
2356 1251 2650 1323 Africam

497 1399 724 1448 meam
763 1375 941 1469 coepi
986 1381 1177 1443 tanto
1218 1374 1481 1464 impetu
1526 1383 1855 1465 tantoque
1896 1374 2056 1444 nisu
2091 1372 2327 1458 animi,
2370 1384 2441 1444 ut
2473 1396 2653 1444 nunc

500 1500 728 1568 limam
766 1519 893 1591 per
938 1495 1184 1567 eadem
1238 1495 1547 1564 referens
1593 1494 1917 1585 vestigia,
1972 1494 2124 1589 ipse
2153 1517 2403 1586 'meam
2445 1495 2658 1566 auda-

497 1619 704 1701 ciam,
760 1627 829 1688 et
877 1637 1133 1706 magna
1181 1613 1413 1707 operis
1465 1613 1915 1684 fundamenta
1955 1614 2473 1706 quodammodo
2503 1636 2661 1707 per-

500 1742 919 1811 horrescam.
988 1735 1129 1806 Illic
1177 1745 1247 1806 et
1286 1736 1740 1827 epistolarum
1785 1735 2154 1828 utriusque
2209 1735 2341 1806 stili
2394 1748 2659 1827 partem

497 1883 631 1931 non
673 1861 1021 1950 exiguam,
1067 1867 1138 1929 et
1180 1877 1376 1950 paene
1421 1865 1638 1927 totum
1684 1857 2082 1927 Bucolicum
2115 1879 2395 1928 carmen
2433 1855 2661 1926 absol-

499 1984 604 2068 vi,
633 2007 842 2076 quam
879 1982 1073 2053 brevi
1109 1982 1380 2053 dierum
1421 1981 1671 2073 spati0,
1713 1981 1770 2051 si
1807 1981 2021 2065 noris,
2064 1991 2370 2072 stupeas.
2414 1981 2662 2052 Nullus

499 2109 691 2177 locus
733 2115 855 2178 aut
907 2108 1064 2198 plus
1105 2103 1234 2174 ocii
1288 2101 1589 2195 praebuit
1639 2112 1762 2174 aut
1813 2102 2129 2175 stimulos
2179 2103 2506 2174 acriores.
2549 2104 2662 2173 Ex

497 2226 820 2298 omnibus
863 2226 1065 2297 terris
1108 2248 1191 2296 ac
1233 2225 1513 2295 saeculis
1557 2224 1863 2295 illustres
1901 2224 2088 2296 viros
2131 2225 2200 2294 in
2246 2247 2458 2295 unum
2500 2245 2666 2294 con-

500 2345 845 2430 trahendi,
899 2346 1015 2417 illa
1068 2344 1236 2415 mihi
1289 2344 1590 2417 solitudo
1635 2342 1830 2416 dedit
1886 2344 2225 2416 animum:
2289 2344 2661 2417 solitariam

498 2466 713 2538 vitam
732 2466 1273 2559 religiosumque
1294 2467 1535 2566 otium,
1558 2469 1833 2558 singula
1857 2467 1949 2537 ibi
1979 2467 2272 2558 singulis
2300 2466 2667 2538 volumini-

498 2588 631 2658 bus
667 2586 1199 2680 perstringenda
1233 2596 1305 2657 et
1338 2588 1688 2660 laudanda
1718 2588 2016 2679 suscepi.
2049 2589 2362 2681 Denique
2399 2588 2668 2659 iuveni-

502 2713 632 2781 lem
668 2717 950 2792 aestum,
991 2708 1109 2801 qui
1147 2730 1257 2778 me
1298 2711 1552 2780 multos
1589 2732 1807 2781 annos
1848 2712 2117 2793 torruit,
2156 2719 2234 2779 ut
2268 2710 2471 2792 nosti,
2513 2731 2669 2802 spe-

503 2851 665 2901 rans
701 2829 832 2898 illis
874 2828 1299 2900 umbraculis
1338 2830 1580 2917 lenire,
1612 2853 1697 2901 eo
1736 2832 1871 2901 iam
1899 2830 2059 2901 inde
2087 2831 2177 2903 ab
2202 2831 2666 2903 adolescentia

503 2973 691 3044 saepe
724 2951 1115 3042 confugere,
1150 2955 1340 3023 velut
1368 2953 1439 3023 in
1468 2975 1703 3024 arcem
1742 2953 2296 3036 munitissimam,
2337 2950 2663 3023 solebam.

502 3072 639 3143 Sed
679 3075 818 3143 beu
858 3073 1025 3141 mihi
1069 3073 1384 3145 incauto!
1433 3074 1588 3168 ipsa
1628 3096 1882 3169 nempe
1917 3075 2229 3146 remedia
2272 3075 2338 3143 in
2374 3075 2665 3144 exitium

502 3194 974 3267 vertebantur.
1007 3194 1181 3265 Nam
1206 3206 1278 3266 et
1304 3195 1445 3280 his,
1478 3218 1656 3287 quas
1685 3218 1957 3267 mecum
1996 3196 2452 3280 adduxeram,
2482 3196 2668 3266 curis

502 3317 1055 3400 incendentibus,
1103 3317 1283 3388 etin
1339 3326 1530 3388 tanta
1584 3317 1959 3388 solitudine
2009 3319 2198 3388 nullo
2246 3338 2540 3411 prorsus
2581 3317 2670 3389 ad

506 3438 893 3510 incendium
939 3448 1375 3523 accurrente,
1421 3437 1866 3533 desperatius
1916 3439 2209 3523 urebar3
2263 3440 2496 3531 itaque
2543 3461 2672 3534 per

501 3582 581 3631 os
634 3583 864 3631 meum
915 3561 1195 3633 flamma
1230 3562 1462 3632 cordis
1506 3583 1915 3655 erumpens,
1958 3561 2362 3647 miserabili,
2404 3560 2550 3647 sed,
2599 3572 2678 3632 ut

396 3684 401 3687 ’
502 3682 781 3772 quidam
858 3682 1222 3768 dixerunt,
1293 3682 1474 3754 dulci
1555 3705 1912 3754 murmure
1988 3685 2205 3754 valles
2280 3686 2674 3776 coelumque

502 3804 913 3897 complebat.
951 3805 1123 3875 Hinc
1164 3804 1276 3874 illa
1318 3805 1640 3895 vulgaria
1684 3804 2090 3876 iuvenilium
2129 3805 2446 3876 laborum
2480 3827 2676 3876 meo-

505 3946 656 3993 rum
698 3926 992 4008 cantica,
1038 3948 1334 4017 quorum
1379 3925 1587 3997 hodie
1628 3926 1842 4020 pudet
1885 3948 1966 3996 ac
2004 3929 2322 4020 poenitet,
2379 3928 2506 3999 sed
2555 3949 2675 3999 eo-

503 4044 662 4113 dem
717 4048 958 4117 morbo
1027 4046 1313 4133 affectis,
1373 4057 1445 4118 ut
1509 4048 1865 4134 videmuS,
1937 4050 2437 4144 acceptissima.
2491 4048 2674 4131 Quid

506 4165 719 4234 multa
746 4168 779 4233 ‘?
820 4167 916 4249 Si,
963 4190 1423 4261 quaecumque
1460 4170 1656 4254 alibi,
1715 4193 1871 4242 cum
1913 4168 2019 4241 his
2056 4193 2218 4262 quae
2257 4170 2348 4241 ibi
2398 4167 2665 4263 scripsi,
