3104 4805
611 376 726 436 :3913
1286 380 1369 426 DE
1411 379 1613 426 naeus
1657 376 2099 425 muitmmnus

612 541 728 600 test
759 527 1196 621 proscribere,
1237 524 1442 596 ut'ait
1484 522 1768 595 Asinius
1794 523 2004 594 Pollio
2038 522 2370 614 egregius
2406 532 2659 608 orator,
2702 521 2773 592 in

611 653 958 722 Caesarem
1002 646 1396 737 Augustum
1440 646 1716 726 iocans3
1756 643 1957 714 cuius
1998 666 2132 735 ego
2181 666 2365 714 nunc
2414 649 2768 740 exemplO,

612 771 1013 867 suppressis
1056 790 1333 839 reorum
1377 770 1817 852 nominibuS,
1865 767 2379 840 accusationem
2426 769 2769 860 publicam

614 916 965 985 peregero.
1008 891 1226 984 Prope
1274 892 1457 962 enim
1500 913 1746 962 omnes
1789 891 1975 962 idem
2016 913 2211 961 error
2262 890 2434 982 agit,
2489 904 2560 960 et
2608 914 2770 961 cum

613 1018 843 1085 nullus
886 1037 1035 1098 eos,
1081 1036 1219 1107 qua
1272 1035 1484 1106 supra
1526 1014 1750 1096 retuli,
1799 1014 2179 1084 litterarum
2224 1012 2479 1082 amicos
2513 1013 2775 1104 princi-

614 1161 737 1235 pes
784 1138 982 1230 sequi
1025 1136 1216 1222 velit,
1255 1137 1567 1207 certatim
1612 1135 1945 1207 Licinium
1992 1135 2340 1205 Caesarem
2383 1135 2769 1219 imitantur,

612 1262 732 1353 qui
783 1260 1153 1331 rusticanae
1221 1257 1331 1327 vir
1382 1257 1668 1347 originis
1719 1259 1811 1329 ita
1863 1256 2126 1328 litteras
2177 1257 2446 1340 oderat,
2505 1266 2579 1327 ut
2644 1279 2770 1329 eas

614 1384 809 1453 virus
863 1404 944 1453 ac
999 1390 1267 1473 pestem
1332 1380 1677 1473 publicam
1735 1381 2153 1472 appellaret:
2219 1401 2368 1451 vox
2417 1401 2550 1449 non
2614 1377 2772 1470 qui-

613 1507 771 1577 dem
814 1505 1227 1597 imperatore
1265 1501 1505 1592 digua,
1555 1501 1682 1572 sed
1724 1501 2002 1573 rustico.
2048 1499 2137 1572 At
2171 1523 2307 1572 non
2347 1501 2446 1572 sic
2474 1500 2770 1584 MariuS‚

614 1638 684 1698 et
720 1629 865 1721 ipse
901 1647 1179 1718 quoque
1220 1625 1616 1695 rusticanus
1663 1624 1793 1708 vir,
1841 1623 1996 1706 sed,
2044 1633 2118 1693 ut
2159 1622 2252 1694 ait
2294 1624 2559 1708 Cicero,
2604 1646 2771 1695 vere

614 1748 767 1832 vir3
810 1771 1017 1840 quem
1059 1748 1219 1817 licet
1256 1749 1366 1816 vel
1408 1745 1767 1838 occupatio
1809 1748 1919 1816 vel
1963 1757 2204 1816 natura
2251 1745 2633 1816 litterarum
2685 1746 2776 1817 ad

619 1872 848 1942 studia
878 1870 1247 1941 tardiorem
1283 1870 1566 1953 faceret,
1604 1868 1941 1938 litteratos
1979 1880 2206 1937 tamen
2241 1867 2560 1937 homines
2587 1888 2778 1937 ama—

617 1993 764 2076 bat,
837 1992 1183 2084 praecipue
1251 2001 1518 2081 poetas,
1572 2012 1868 2082 quorum
1923 2000 2238 2083 speraret
2285 1989 2563 2080 ingenio
2616 2011 2778 2059 sua-

619 2135 769 2182 rum
827 2135 1056 2181 rerum
1111 2120 1464 2202 gestarum
1518 2110 1805 2202 gloriam
1859 2110 2196 2182 celebrari
2253 2131 2483 2203 posse.
2536 2112 2624 2181 Et
2675 2110 2779 2179 ni-

619 2233 868 2302 mirum
905 2232 1064 2322 quis
1099 2241 1209 2301 est
1242 2230 1628 2316 hominum,
1672 2233 1803 2302 nisi
1842 2232 1933 2303 sit
1965 2232 2146 2303 idem
2184 2253 2474 2325 prorsus
2516 2230 2779 2322 agresti

619 2354 900 2437 duritie,
956 2354 1075 2446 qui
1122 2352 1254 2423 etsi
1307 2375 1442 2425 non
1494 2353 1701 2425 valde
1752 2354 1995 2426 litteris
2046 2354 2458 2439 delectetur,
2513 2357 2774 2425 clarum

622 2477 861 2544 saltem
939 2494 1078 2542 non
1151 2477 1387 2566 cupiat
1449 2496 1731 2559 nomen,
1787 2479 1975 2569 quod
2027 2480 2329 2570 profecto
2380 2477 2558 2548 sicut
2623 2478 2773 2547 sine

621 2595 875 2664 virtute
925 2617 1061 2665 non
1110 2595 1470 2685 quaeritur,
1529 2597 1627 2666 sic
1681 2597 2129 2668 sine‘litteris
2196 2622 2335 2669 non
2404 2603 2783 2669 servatur?

622 2718 843 2786 Fluxa
885 2724 994 2785 est
1037 2714 1392 2783 hominum
1437 2718 1789 2799 memoria,
1834 2720 2125 2809 picturae
2169 2719 2436 2803 labiles,
2493 2720 2782 2791 caducae

620 2846 904 2919 statuae;
947 2837 1262 2927 interque
1303 2834 1696 2905 mortalium
1740 2836 2023 2907 inventa
2066 2838 2233 2906 nihil
2276 2838 2521 2910 litteris
2564 2841 2783 2910 stabi-

619 2956 772 3025 lius.
839 2952 1172 3048 Quisquis
1247 2956 1398 3026 illas
1476 2977 1611 3026 non
1678 2957 1948 3039 metuit,
2018 2966 2287 3048 oportet
2352 2967 2428 3027 ut
2501 2958 2774 3046 diligat;

621 3078 1039 3169 omninoque
1080 3098 1325 3147 verum
1369 3090 1478 3149 est
1517 3076 1685 3149 illud
1728 3077 2123 3149 Claudiani:

944 3265 1167 3332 Gaudet
1200 3265 1363 3327 enim
1398 3266 1597 3330 virtus
1633 3268 1746 3331 sibi
1783 3274 1965 3331 testes
2001 3269 2252 3345 iungere
2285 3277 2496 3332 cantus
2517 3294 2531 3344 ;

1064 3364 1321 3427 Carmen
1354 3373 1514 3428 amat
1548 3367 1828 3446 quisquis
1861 3369 2128 3431 carmine
2161 3368 2337 3446 digna
2371 3370 2532 3432 facit.

626 3556 856 3627 Nostri
903 3578 1070 3627 vero
1112 3558 1229 3648 qui
1271 3559 1440 3627 nihil
1480 3560 1616 3630 nisi
1658 3562 1959 3657 satyrico
1998 3562 2304 3633 carmine
2338 3560 2624 3653 dignum
2663 3586 2783 3654 ge-

631 3689 816 3762 runt,
859 3701 1037 3770 quas
1079 3691 1396 3751 metuunt
1435 3682 1699 3753 litteras
1741 3684 2057 3754 oderunt.
2110 3685 2345 3776 ltaque
2399 3706 2555 3753 cum
2609 3683 2786 3755 Lici-

630 3798 742 3868 nio
785 3799 1091 3871 sentiunt
1129 3822 1396 3887 omnes,
1441 3825 1650 3873 nemo
1689 3826 1847 3873 cum
1889 3804 2134 3885 Mario,
2175 3826 2263 3873 ne
2303 3825 2460 3874 cum
2498 3803 2647 3875 aliis
2682 3804 2788 3873 di—

628 3941 804 3988 cam.
832 3920 922 3987 Et
960 3921 1118 4013 (qua
1153 3925 1339 3993 nulla
1375 3925 1639 4015 turpior
1672 3925 1942 3997 desidia
1982 3946 2284 4018 unquam
2321 3925 2470 4019 fuit)
2503 3926 2572 3996 id
2599 3926 2789 4017 quod

634 4040 1208 4127 pretiosissimum
1254 4044 1606 4115 habebant
1658 4046 1923 4139 subripi
1967 4047 2099 4118 sibi
2149 4070 2273 4140 per
2315 4047 2622 4139 plebeios
2665 4048 2788 4117 ho·

639 4157 860 4229 mines
902 4164 1121 4252 passi,
1167 4188 1252 4236 eo
1303 4167 1561 4237 sensim
1618 4189 2028 4259 pervenere,
2071 4172 2153 4238 nt
2193 4167 2325 4239 iam
2381 4170 2557 4238 inter
2605 4166 2786 4238 divi-
