3104 4805
888 367 1069 415 muna
1116 365 1851 416 omuns—ssris‘rom
1895 370 1995 417 vu.
2390 360 2504 421 447

355 533 519 604 spes
562 533 640 581 ac
683 508 1110 581 desiderium
1153 517 1618 603 oppresserat.
1661 509 1984 580 Naturale
2023 525 2132 583 est
2174 527 2251 586 ut
2290 515 2511 585 mino-

357 655 503 704 rem
547 631 943 725 passionem
999 631 1219 701 maior
1267 629 1662 701 absorbeat.
1717 629 2028 701 Ardebat
2078 635 2349 706 animus
2400 660 2510 708 me

354 777 585 826 coram
638 773 952 834 cernere,
1021 761 1091 820 et
1142 773 1415 844 mecum
1467 752 1557 822 de
1610 752 1776 823 vitae
1828 752 2037 823 totius
2087 755 2511 829 ordinatione

355 876 726 947 disserere.
772 873 939 944 lnde
981 882 1381 964 susceptum
1425 872 1557 943 iter
1597 895 1838 964 agere,
1881 871 1974 957 et,
2023 874 2235 944 rebus
2288 875 2355 943 in
2397 901 2514 971 pa-

361 998 487 1066 tria
531 993 921 1088 dispositis,
966 994 1103 1064 huc
1146 995 1425 1065 reverti.
1470 996 1616 1066 Hoc
1649 996 1753 1066 eis
1796 1018 2048 1088 nempe
2090 997 2515 1089 propositum

355 1128 533 1201 erat,
599 1116 690 1186 mi
742 1118 955 1186 frater
1014 1136 1094 1186 ac
1144 1137 1453 1187 meorum
1502 1116 1822 1187 dolorum
1875 1138 2110 1188 comes
2168 1118 2388 1203 unice,
2445 1129 2520 1189 ut

362 1249 426 1311 te
479 1241 636 1309 illuc
676 1239 1046 1320 accersito,
1104 1237 1305 1308 simul
1359 1261 1586 1331 usque
1639 1239 1730 1309 ad
1779 1239 2046 1309 exitum
2090 1240 2515 1311 viveremus
2583 1239 2586 1242 ’

358 1361 557 1447 Quod
612 1360 669 1430 si
711 1381 824 1429 me
871 1360 1145 1429 Parmae
1194 1360 1651 1454 reperissent,
1695 1370 1967 1455 poterat
2020 1383 2214 1432 mora
2256 1361 2521 1452 longior

359 1483 653 1553 fortunae
702 1479 1021 1550 duritiem
1091 1481 1407 1552 fortassis
1464 1482 1853 1552 inflectere:
1908 1493 2298 1553 mutassent
2347 1484 2521 1553 forte

361 1600 752 1685 consilium,
798 1611 869 1672 et
912 1624 1030 1693 per
1064 1604 1354 1674 nuncios
1390 1602 1564 1673 actis
1597 1623 1759 1695 quae
1783 1604 2023 1700 ‘acturi
2057 1614 2259 1673 erant
2290 1604 2357 1673 in
2402 1626 2523 1696 pa·

364 1724 522 1809 tria,
570 1723 696 1817 ipsi
747 1725 1004 1797 amoris
1056 1724 1422 1796 dulcedine
1474 1724 1867 1818 compediti,
1924 1747 2194 1795 mecum
2249 1725 2524 1815 insepa-

364 1845 665 1918 rabiliter
716 1847 1165 1918 resedissent.
1218 1849 1307 1917 Et
1353 1869 1538 1917 nunc
1588 1847 1756 1939 quid
1807 1844 2204 1939 prohiberet
2252 1846 2524 1937 quomi-

364 1990 496 2039 nus
541 1969 742 2038 simul
784 1989 1034 2039 omnes
1074 1990 1399 2040 essemus
1440 1969 1507 2038 in
1550 1968 1783 2062 quiete
1835 1969 1946 2039 illa
1999 1967 2209 2037 animi
2261 1966 2539 2056 diutius,

363 2093 736 2181 exoptata?
763 2089 898 2159 Sed
924 2089 1388 2160 adamantinis
1424 2093 1719 2163 fatorum
1751 2088 2047 2161 vinculis
2083 2087 2520 2171 tenebamur,

365 2221 435 2278 et
485 2219 561 2279 ut
625 2209 951 2280 abessem
1020 2213 1216 2280 ferox
1267 2212 1539 2281 fortuna
1591 2210 2013 2302 providerat.
2077 2211 2317 2300 Itaque
2365 2230 2523 2278 cum

365 2332 684 2402 Parmam
736 2331 1100 2402 venissent
1163 2332 1659 2425 percontandO,
1732 2354 1856 2426 per
1905 2329 2153 2401 obvios
2215 2351 2288 2399 re
2341 2350 2528 2400 com-

365 2463 589 2546 perta,
645 2453 878 2523 tristes
932 2453 1022 2523 ad
1073 2453 1356 2524 domum
1415 2464 1725 2524 nostram
1791 2452 2081 2524 deiectis
2149 2452 2395 2522 animis
2447 2473 2528 2521 ac

368 2575 679 2645 vultibus
705 2575 1241 2646 descenderunt.
1272 2575 1452 2658 Quid
1481 2575 1754 2666 singula
1779 2578 2211 2669 prosequar?
2238 2575 2524 2644 Omnem

368 2696 618 2767 domus
662 2706 869 2786 atque
910 2695 1091 2764 horti
1135 2697 1493 2786 angulum,
1533 2717 1776 2766 omnes
1826 2695 2164 2767 herbosos
2205 2696 2526 2789 caespites

373 2820 721 2912 (coeperat
770 2820 954 2888 enim
1010 2819 1145 2890 iam
1189 2819 1276 2890 ad
1316 2817 1574 2888 Arietis
1619 2818 2000 2889 adventum
2042 2817 2287 2888 bruma
2331 2816 2530 2886 mite-

370 2940 593 3035 scere)
645 2939 827 3011 dulci
880 2941 1201 3012 accubitu
1250 2949 1845 3033 compresserunt,
1884 2939 2248 3032 implentes
2283 2949 2531 3010 cuncta

369 3063 707 3157 suspiriis.
754 3063 1017 3134 Deinde
1057 3085 1218 3155 cum
1263 3070 1554 3153 possent
1593 3060 1779 3140 alibi,
1826 3059 2032 3131 ambo
2083 3083 2208 3151 per
2257 3070 2528 3128 noctem

369 3184 435 3252 in
478 3187 730 3255 lectulo
784 3204 941 3252 meo
991 3184 1384 3260 iacuerunt3
1437 3181 1648 3251 credo
1702 3192 1777 3250 ut
1827 3202 2034 3270 quem
2088 3179 2178 3247 ad
2227 3179 2527 3269 quietem

373 3303 845 3371 necessariam
888 3301 1192 3369 humana
1243 3299 1581 3387 fragilitas
1633 3299 1963 3368 meditata
2013 3308 2147 3380 est,
2203 3298 2291 3369 ad
2344 3300 2532 3370 labo-

373 3443 519 3490 rem
550 3420 715 3490 mihi
744 3426 1154 3513 perpetuum
1189 3427 1702 3488 consecrarent.
1737 3419 2024 3489 Postero
2058 3427 2314 3503 autem,
2351 3421 2531 3490 circa

377 3542 614 3611 horam
660 3541 801 3611 diei
845 3551 1114 3610 sextam
1161 3539 1504 3624 abierunt,
1554 3540 1799 3609 litteris
1826 3539 2012 3610 domi
2051 3540 2334 3624 relictiS,
2380 3542 2533 3632 qui-

371 3662 506 3733 bus
557 3664 728 3733 mihi
777 3673 849 3734 et
894 3684 1134 3734 eorum
1193 3662 1465 3734 tristitia
1528 3671 1601 3733 et
1669 3663 2000 3734 redeundi
2070 3664 2527 3757 propositum,

373 3790 726 3879 multaque
769 3798 1024 3880 praeter
1067 3788 1215 3859 haec
1255 3786 1388 3858 alia
1429 3795 1592 3859 nota
1636 3796 1816 3858 sunt.
1860 3787 2051 3870 Quas
2094 3808 2227 3877 ego
2269 3787 2530 3858 litteras

373 3910 540 3981 dum
596 3911 830 3981 vivam
900 3910 1077 3980 inter
1126 3909 1410 3982 delicias
1470 3909 1773 3991 habeb0,
1831 3908 2145 3979 d'olorum
2215 3910 2530 3981 stimulos

374 4054 455 4103 ac
502 4034 941 4104 lacrimarum
992 4034 1351 4105 materiam
1419 4031 1898 4102 immortalem.
1956 4030 2219 4099 Mensis
2279 4030 2531 4101 abhinc

377 4151 645 4244 integer
683 4158 922 4247 lapsus
966 4164 1143 4239 erat,
1188 4178 1346 4227 cum
1399 4176 1531 4244 ego
1585 4155 1872 4244 ignarus
1923 4151 2171 4222 horum
2223 4152 2526 4222 omnium
