3104 4805
517 333 633 395 188
1189 346 1269 394 ΒΕ
1312 345 1515 395 REBUS
1557 343 2029 397 mammutius».

518 495 784 567 accidit.
827 495 995 566 Loci
1017 494 1343 566 dominus
1385 492 1659 587 (nobilis
1686 490 1911 563 dicam
1944 512 2035 561 an
2067 489 2440 586 rusticus?)
2476 491 2675 565 iuve—

514 638 676 687 nem
707 615 961 710 ipsum,
1007 636 1217 708 quem
1243 614 1444 707 gravi
1470 624 1541 685 et
1566 613 1850 706 antiquo
1882 612 2042 686 odio
2074 614 2542 709 prosequitur,
2581 616 2672 688 ad

513 740 802 835 capitale
844 739 1253 835 supplicium
1294 748 1520 810 vocat.
1557 738 1804 810 Mulier
1844 740 2098 810 sactum
2131 747 2459 823 excusat,
2503 738 2673 809 nihil

516 885 594 935 se
622 872 861 936 contra
898 883 1110 955 quam
1160 860 1508 954 optaverit
1549 882 1832 954 passam
1872 859 2138 946 dicem,
2183 870 2258 932 et
2288 859 2673 954 promissas

514 985 811 1057 amantis
845 985 1120 1081 nuptias
1148 985 1500 1077 efflagitat.
1537 982 1798 1055 Annuit
1830 983 1970 1068 ille,
2010 983 2071 1056 si
2104 983 2328 1069 liceat,
2368 982 2492 1056 sed
2522 1007 2675 1057 car-

513 1128 670 1178 cere
692 1108 1062 1179 conclusus
1100 1104 1236 1177 sub
1267 1105 1704 1198 iniquissimo
1731 1105 1956 1178 iudice
1989 1127 2276 1178 causam
2309 1104 2492 1177 dicit.
2521 1106 2673 1176 Cae-

514 1232 758 1307 terum,
789 1221 907 1294 ubi
931 1222 1302 1317 compedes
1343 1231 1817 1308 amoveantur,
1862 1222 2069 1292 soluti
2110 1220 2338 1306 amb0,
2365 1230 2435 1292 et
2464 1230 2670 1292 aetate

518 1355 588 1417 et
621 1345 870 1416 animis
893 1356 966 1418 et
989 1348 1262 1418 fortuna
1288 1368 1510 1440 pareS,
1550 1345 2028 1442 optatissimas
2062 1346 2338 1440 nuptias
2365 1344 2674 1417 celebra-

517 1467 712 1540 bunt.
748 1470 914 1540 Haec
938 1478 1015 1540 ut
1038 1469 1129 1542 ad
1154 1491 1266 1541 me
1298 1469 1723 1561 indignantis
1756 1469 2057 1566 primum
2091 1469 2322 1564 populi
2356 1467 2666 1552 vocibuS,

516 1591 768 1664 deinde
822 1593 1026 1665 etiam
1094 1592 1471 1665 amicorum
1528 1592 1852 1686 precibus
1921 1603 1993 1665 et
2062 1591 2360 1665 lacrimis
2413 1593 2674 1687 perlata

520 1726 705 1802 sunt,
752 1727 827 1789 tu
867 1716 1130 1810 primus
1173 1717 1480 1788 omnium
1521 1717 1910 1803 occurristi,
1964 1739 2007 1789 a
2056 1738 2198 1812 quo
2247 1716 2468 1788 morbi
2521 1717 2674 1789 talis

519 1840 853 1913 auxilium
896 1849 1269 1935 peteretur.
1311 1842 1402 1913 Et
1439 1862 1570 1912 nos
1612 1839 2006 1936 aliquando,
2043 1842 2282 1924 frater,
2320 1838 2624 1912 arsimus
2655 1897 2670 1925 ,

517 1971 592 2034 et
649 1984 849 2058 opem
916 1966 1096 2035 ferre
1154 1964 1354 2037 decet
1393 1962 1824 2036 ardentibus.
1866 1963 2233 2036 Dominum
2285 1972 2518 2036 autem
2554 1984 2679 2035 no-

524 2096 777 2172 strum,
825 2087 959 2158 etsi
1008 2086 1167 2157 talia
1201 2086 1572 2158 sublimem
1607 2086 1760 2160 eius
1793 2086 2099 2159 animum
2133 2109 2273 2158 non
2306 2087 2671 2179 attingant,

519 2230 656 2280 non
701 2218 932 2280 tamen
974 2230 1196 2301 usque
1238 2208 1412 2293 adeo
1462 2212 1765 2282 ferreum
1817 2218 1939 2282 aut
1986 2209 2439 2282 inhumanum
2492 2232 2671 2295 reor,

521 2341 597 2402 ut
619 2331 955 2402 humanis
1015 2353 1152 2402 non
1214 2331 1629 2406 misereatur
1678 2333 2055 2407 erroribus.
2121 2335 2265 2407 Nec
2326 2343 2435 2407 est
2489 2332 2678 2429 quod

521 2455 796 2547 parcius
856 2454 1099 2528 ardere
1166 2460 1500 2532 ruricolas
1570 2459 2029 2555 suspicemur.
2074 2461 2149 2530 In
2190 2483 2393 2561 omne
2456 2482 2675 2553 genus

519 2574 877 2647 hominum
917 2601 1042 2673 par
1081 2580 1443 2676 imperium
1487 2582 1704 2653 habet
1735 2583 2121 2676 arcipotens
2158 2583 2267 2654 ille
2300 2605 2493 2675 puer.
2524 2580 2678 2652 Scio
2756 2560 2785 2577 ⁷²

520 2699 707 2793 apud
746 2697 1108 2791 Virgilium
1146 2703 1479 2797 scriptum
1503 2726 1693 2789 esse,
1733 2704 1921 2797 quod
1953 2705 2168 2773 subita
2203 2704 2542 2771 incautum
2567 2700 2677 2770 de-

521 2825 769 2891 mentia
836 2825 1003 2917 cepit
1043 2838 1401 2911 amantem,
1443 2835 1514 2898 et
1555 2825 1902 2919 sequitur:
1946 2822 2348 2916 anoscenda
2387 2821 2674 2912 quidem,-

522 2943 653 3016 sed
706 2954 917 3019 terret
953 2948 1141 3041 quod
1206 2948 1275 3017 in
1341 2948 1477 3019 fine
1520 2946 1907 3038 subiungit:
1966 2947 2210 3015 scirent
2247 2945 2310 3015 si
2346 2945 2674 3036 (qnoscere

521 3088 768 3137 manes.
816 3069 1080 3142 Vereor
1111 3069 1294 3142 enim
1333 3090 1420 3141 ne
1452 3066 1691 3138 durior
1723 3066 1834 3138 ille
1868 3065 2325 3160 Bellerophon
2352 3064 2520 3136 nihil
2543 3063 2675 3135 hu-

522 3191 869 3265 manitatis
895 3191 1189 3273 habenS,
1233 3190 1520 3282 insuper
1544 3187 1648 3259 ira
1680 3210 2018 3261 accensus
2054 3189 2168 3275 sit,
2209 3190 2547 3284 sanguine
2585 3188 2679 3260 si-

525 3314 796 3387 tientior
834 3336 1040 3408 quam
1081 3319 1369 3402 oportet.
1424 3311 1811 3406 Utcumque
1856 3314 2210 3399 succedat,
2265 3336 2394 3387 nos
2446 3321 2679 3408 partes

524 3445 800 3509 nostras
841 3432 1498 3528 implebimus2Ego
1536 3434 1725 3527 apud
1774 3444 1873 3524 te,
1930 3446 2004 3509 tu
2054 3437 2240 3529 apud
2289 3436 2677 3519 dominum,

526 3568 606 3629 ut
641 3561 789 3657 ipse
829 3579 871 3630 a
909 3554 1198 3653 praefato
1239 3556 1448 3630 Thori
1481 3558 1762 3631 domino
1791 3617 1806 3647 ,
1846 3561 2222 3654 gratuitum
2257 3580 2532 3646 munuS,
2568 3581 2687 3630 ca-

526 3683 794 3777 ptivum
834 3680 1026 3753 illum
1065 3704 1189 3777 per
1220 3682 1487 3753 litteras
1520 3705 1686 3756 suas
1715 3694 1922 3776 petat.
1952 3683 2167 3755 Cuius
2199 3705 2453 3755 nomen
2483 3689 2555 3752 et
2587 3677 2685 3752 rei

529 3816 749 3900 gestae
803 3804 1053 3878 seriem
1098 3804 1368 3878 villicus
1422 3805 1535 3877 hic
1583 3816 1863 3893 noster,
1909 3806 2001 3878 ob
2040 3806 2171 3879 hoc
2236 3828 2448 3878 unum
2489 3803 2579 3876 ad
2620 3812 2686 3873 te

529 3922 810 4012 missuS,
838 3937 1169 4025 exponen
1206 3928 1417 4000 nihilo
1451 3939 1766 4003 narrator
1801 3906 2141 4014 urbanior,
2180 3952 2388 4023 quam
2421 3933 2684 4000 amator

530 4048 626 4134 is,
680 4050 879 4122 cuius
913 4052 1234 4124 amentiae
1273 4053 1481 4126 modo
1517 4054 1792 4128 veniam
1832 4057 2290 4150 postulamus.
2334 4052 2526 4124 Vale.

817 4191 902 4247 Ad
930 4192 1137 4250 sontem
1166 4195 1372 4267 Sorgiae
1391 4236 1406 4266 ,
1436 4195 1510 4252 VI
1540 4195 1664 4252 Kal.
1700 4195 1886 4252 Maiae.
