3104 4805
1001 428 1187 477 mmm
1228 428 1946 486 QUINTUS.-EPISTOLA
1991 433 2030 480 1.
2480 421 2588 484 251

437 572 673 645 multis
733 570 891 641 hinc
950 570 1110 642 inde
1160 571 1484 665 periculis
1535 574 1722 644 viam
1774 574 1982 644 fecit?
2041 575 2389 649 Secundet
2438 577 2596 650 haec

437 695 870 787 omnipotens
909 695 1127 779 DeuS‚
1179 703 1252 767 et
1302 693 1810 783 solicitudinem
1853 715 2084 765 meam
2134 697 2317 789 piam
2368 699 2594 791 magis

435 839 646 909 quam
687 817 1154 889 necessariam
1197 815 1408 888 rebus
1443 817 1711 910 probet.
1754 815 1847 887 At
1881 827 1957 887 ut
1995 817 2146 888 aliis
2185 831 2433 891 cuncta
2476 844 2594 894 su-

435 960 561 1033 pra
603 960 797 1033 spem
849 939 1203 1025 eveniant,
1249 948 1322 1011 et
1370 947 1618 1010 metus
1653 938 1784 1011 iste
1837 959 2316 1031 supervacuus
2356 942 2591 1028 fuerit3

434 1063 606 1134 mihi
644 1072 895 1149 tamen,
938 1062 1176 1147 amice,
1224 1063 1383 1155 quis
1423 1064 1786 1134 consulet?
1826 1059 1968 1133 Aut
2005 1062 2163 1155 quis
2204 1063 2595 1139 medebitur

330 1249 335 1252 ,
434 1183 652 1256 dolori
700 1188 907 1255 meo?
957 1184 1082 1255 Cui
1132 1184 1222 1256 de
1272 1193 1529 1255 caetero
1579 1182 1932 1275 vigilabo?
1973 1184 2099 1255 Cui
2149 1188 2593 1277 quantulum-

433 1328 732 1399 cumque
781 1306 914 1377 boc
965 1305 1318 1398 ingenium
1369 1315 1492 1376 aut
1541 1305 1851 1377 studium
1903 1306 2374 1390 consecrabo?
2422 1308 2593 1391 Quis

436 1452 598 1525 spes
640 1432 980 1523 collapsas
1028 1430 1294 1522 eriget?
1333 1428 1502 1523 'quis
1544 1436 1929 1520 torpentem
1983 1429 2291 1502 animum
2330 1431 2594 1502 excita-

433 1551 581 1623 bit‘?
619 1554 807 1625 Duos
850 1553 1106 1644 ingenii
1148 1543 1364 1625 duces
1415 1548 1674 1633 habui3
1719 1560 2092 1644 utrumque
2144 1552 2314 1624 mihi
2365 1575 2593 1626 annus

433 1674 545 1746 hic
585 1675 916 1762 abstulit;
949 1685 1020 1749 et
1056 1676 1148 1748 de
1180 1677 1395 1749 altero
1434 1674 1716 1767 quidem
1755 1695 1980 1767 nuper
2011 1673 2180 1746 dum
2215 1674 2445 1748 adhuc
2478 1697 2596 1748 es-

433 1817 580 1869 sem
616 1797 685 1867 in
712 1799 930 1885 Italia,
960 1798 1329 1891 utrobique
1361 1805 1757 1869 consortem
1789 1795 1998 1867 fletus
2032 1797 2361 1868 idoneum
2395 1818 2594 1891 quae-

430 1939 613 2005 rens,
653 1931 893 1995 nostro
929 1943 1089 1993 cum
1130 1922 1343 1992 Laelio
1382 1927 1679 2012 questus
1723 1939 1902 1990 sum.
1941 1921 2044 1988 De
2077 1919 2209 1990 hoc
2248 1918 2456 1991 hodie
2490 1929 2594 1991 te-

427 2064 583 2112 cum
626 2060 899 2134 queror,
937 2063 1333 2137 querarque
1371 2041 1542 2113 dum
1576 2040 1870 2125 vixer03
1913 2050 1984 2112 et
2015 2041 2135 2134 qui
2178 2042 2385 2114 solari
2419 2042 2591 2115 alios

428 2163 778 2236 interdum
822 2167 1041 2250 soleo,
1094 2185 1280 2236 nunc
1327 2184 1467 2256 qua
1517 2184 1634 2235 me
1682 2163 1911 2257 ipsum
1953 2162 2219 2236 ratione
2270 2166 2386 2236 vel
2436 2185 2594 2236 ora-

427 2288 613 2359 tione
651 2289 973 2358 consoler
1019 2307 1159 2357 non
1209 2285 1510 2357 invenio.
1555 2285 1730 2357 Hinc
1779 2306 1949 2377 ergo
2000 2285 2403 2358 consolandi
2467 2284 2595 2358 de·-

429 2410 749 2504 speratio,
792 2409 953 2481 hinc
991 2408 1202 2481 flendi
1244 2409 1486 2504 pudor,
1531 2407 1693 2480 hinc
1734 2407 1826 2480 ad
1852 2408 2257 2480 utrumlibet
2297 2409 2433 2481 stili
2456 2411 2590 2483 dif-

392 2508 738 2618 'fidentia3
767 2534 897 2606 sed
924 2554 1138 2627 supra
1163 2533 1393 2605 omnia
1417 2531 1600 2603 illico
1627 2540 1696 2601 te
1721 2530 2012 2604 videndi
2040 2552 2204 2626 spes
2234 2533 2585 2606 silentium

424 2654 635 2727 iubet.
695 2655 979 2740 Parebo,
1019 2664 1244 2726 tecum
1281 2653 1682 2747 propediem
1718 2652 2011 2725 fleturus
2047 2675 2142 2725 ex
2199 2654 2585 2727 commodo.

424 2781 590 2849 Haec
623 2779 887 2851 interea
939 2778 1057 2850 tibi
1100 2778 1275 2851 flens
1311 2776 1402 2850 ad
1441 2778 1708 2849 fontem
1749 2777 2017 2870 sorgiae
2055 2776 2420 2864 dictabam,
2459 2802 2589 2851 no-

425 2908 568 2971 tum
603 2902 1058 2994 procellarum
1094 2900 1304 2973 animi
1339 2901 1478 2970 mei
1509 2911 1806 2994 portum,
1844 2921 1984 2993 quo
2017 2900 2168 2971 heri
2203 2900 2295 2971 ad
2334 2920 2587 2993 vespe-

423 3045 570 3095 ram
625 3024 817 3095 solus
858 3023 1033 3114 fugi,
1087 3045 1246 3094 cum
1297 3043 1501 3094 mane
1551 3022 1871 3094 Rhodani
1922 3021 2013 3125 ad
2061 3023 2282 3119 ripam
2347 3044 2586 3095 rumor

425 3145 915 3218 moestissimus
958 3167 1073 3215 me
1113 3143 1523 3215 invenisset.
1570 3144 1763 3214 Vale.

706 3290 814 3346 1111
842 3290 964 3346 Kal.
995 3289 1163 3347 Iunii.
