3104 4805
583 361 702 425 208
1261 379 1343 426 DE
1387 378 1589 427 annus
1632 379 2075 430 rAmmAmBus

583 519 960 591 verborum
1002 520 1137 592 sub
1176 520 1583 593 immortalis
1625 523 1878 595 animae
1927 528 2323 618 futuraeque
2367 531 2747 621 reparatio-

582 641 692 713 nis
724 641 1016 715 obtentu
1047 664 1319 736 aegrum
1352 656 1564 740 atque
1596 647 1940 719 labantem
1977 648 2287 719 animum
2321 651 2629 738 erexisti,
2668 665 2746 725 ut

582 765 837 858 gaudio
877 765 1047 836 mihi
1086 769 1295 839 fuerit
1344 769 1656 860 genitum
1707 791 1869 842 esse
1918 773 2297 842 mortalem.
2342 773 2518 844 Nam
2569 776 2742 868 quid

579 885 852 960 beatius
891 891 1272 982 excogitari
1312 902 1542 986 potest
1573 917 1781 986 quam
1817 907 2107 965 exutum
2147 889 2345 966 veste
2378 919 2737 991 corporea,

579 1019 650 1082 et
686 1011 775 1083 de
812 1013 1265 1107 compedibus
1308 1014 1462 1086 istis
1503 1016 1939 1112 explicitum,
1977 1018 2067 1088 ad
2100 1016 2284 1089 illam
2327 1019 2530 1104 diem,
2569 1044 2743 1093 exa-

578 1134 707 1206 ctis
743 1144 1130 1228 temporum
1172 1136 1554 1223 curriculiS,
1593 1139 1987 1233 pervenire,
2026 1162 2190 1234 quae
2225 1164 2372 1228 noS,
2409 1141 2740 1237 absorpta

578 1268 829 1344 morte,
875 1259 1458 1331 immortalitatem
1501 1261 1772 1346 induat,
1804 1285 2135 1357 reparans
2172 1263 2739 1339 indissolubiliter

577 1403 660 1454 ac
700 1383 1082 1453 reformans
1123 1393 1397 1478 putrem
1437 1395 1509 1455 et
1549 1406 1898 1458 semesam
1942 1387 2145 1458 tineis
2185 1397 2393 1481 atque
2407 1390 2737 1482 -undique

576 1505 906 1576 fluentem
951 1506 1251 1578 tunicam
1294 1508 1521 1579 carnis
1566 1512 1873 1580 nostrae‘?
1912 1510 2137 1593 Quam
2181 1533 2375 1605 spem
2410 1511 2544 1583 etsi
2582 1512 2737 1605 phi-

576 1629 1021 1721 losophorum
1066 1630 1425 1723 gentilium
1467 1633 1699 1701 nullus
1733 1631 2065 1723 attigerit,
2111 1632 2593 1704 vetustissima
2637 1646 2736 1705 ta-

576 1773 737 1822 men
776 1763 888 1824 est
926 1754 1454 1827 immortalitatis
1497 1756 1755 1850 opinio,
1810 1777 1940 1826 nec
1989 1757 2247 1826 nostris
2305 1759 2557 1842 solum,
2615 1757 2738 1829 sed

577 1875 710 1948 illis
744 1878 953 1949 etiam
982 1880 1291 1974 probata,
1321 1879 1577 1970 quibus
1614 1878 1865 1949 Christi
1900 1901 2156 1950 nomen
2192 1880 2580 1953 inauditum
2605 1892 2737 1953 est.

575 2000 841 2072 Praeter
865 2002 1243 2094 Epicurum
1272 2002 1482 2086 enim,
1513 2011 1585 2072 et
1602 2000 1836 2072 nescio
1863 2011 2032 2094 quot
2054 2023 2150 2071 ex
2176 2001 2290 2073 illo
2316 2002 2552 2073 infami
2580 2027 2739 2096 gre-

577 2147 681 2216 ge,
712 2125 1165 2197 immortalem
1195 2147 1358 2196 esse
1383 2126 1686 2196 animam
1716 2148 1922 2196 nemo
1947 2134 2057 2195 est
2079 2125 2199 2219 qui
2226 2136 2453 2218 neget.
2472 2129 2573 2197 De
2597 2150 2738 2219 qua

577 2270 654 2319 re
683 2248 784 2344 (ut
805 2249 1275 2343 Pherecydem
1313 2248 1613 2342 primum
1643 2247 1827 2340 apud
1856 2249 2093 2344 Syrios
2130 2250 2493 2320 sententiae
2527 2249 2737 2321 huius

576 2382 941 2454 auctorem,
971 2370 1525 2464 discipulumque
1551 2370 1976 2469 Pherecydis
2000 2373 2465 2468 Pythagoram
2490 2382 2739 2445 totam-

575 2516 710 2585 que
750 2494 1250 2588 pythagoream
1290 2493 1647 2579 familiam,
1691 2505 1763 2564 et
1813 2496 2165 2566 Socratem
2204 2518 2585 2589 omnesque
2625 2519 2739 2567 so-

576 2615 866 2686 craticos
894 2613 1326 2708 praeteream)
1356 2615 1548 2686 Plato
1572 2616 1740 2711 ipse,
1773 2638 2087 2688 summus
2115 2618 2241 2700 vir,
2271 2620 2736 2691 clarissimum

575 2738 904 2808 volumen
918 2736 1150 2821 edidit,
1163 2757 1303 2829 quo
1319 2736 1660 2807 Uticensis
1673 2738 1838 2808 Cato
1854 2740 2249 2823 morituruS,
2276 2762 2600 2833 suprema
2620 2743 2735 2815 illa

574 2868 774 2930 nocte
801 2881 945 2944 sua,
974 2881 1101 2954 pro
1125 2858 1516 2930 consiliario
1546 2880 1720 2929 usus
1749 2860 2175 2954 perhibetur,
2208 2872 2286 2930 ut
2311 2862 2400 2932 ad
2425 2873 2734 2933 contem-

574 2991 767 3075 ptum
785 2983 950 3053 vitae
976 2981 1184 3053 huius
1200 2982 1592 3066 animosior,
1610 2993 1682 3052 et
1707 2984 1796 3053 ad
1824 3004 2132 3053 amorem
2160 2982 2460 3053 decretae
2487 2983 2729 3054 mortis

573 3106 956 3177 accederet.
999 3107 1221 3190 Quam
1277 3105 1689 3176 sententiam
1741 3114 1983 3200 postea
2035 3107 2313 3176 Marcus
2366 3106 2603 3179 Cicero
2659 3119 2731 3179 et

576 3231 644 3299 in
709 3229 1073 3298 Tusculano
1129 3251 1285 3313 suo,
1331 3227 1510 3299 etin
1558 3228 1851 3322 septimo
1893 3227 2291 3323 Reipublicae
2331 3227 2567 3302 divino
2610 3253 2734 3323 ge-

575 3374 743 3423 nere
782 3351 1113 3423 orationis
1154 3351 1477 3435 asseruit,
1523 3373 1803 3423 necnonw
1831 3361 1902 3422 et
1941 3352 2011 3421 in
2053 3351 2329 3444 dialogo
2364 3352 2573 3438 Loelii,
2614 3354 2734 3447 qui

575 3477 663 3548 de
701 3477 998 3549 amicitia
1036 3498 1209 3547 vera
1246 3484 1378 3559 est,
1415 3483 1488 3544 et
1525 3474 1596 3543 in
1635 3497 1720 3547 eo
1759 3473 1933 3546 libro
1982 3475 2102 3568 qui
2157 3473 2320 3545 Cato
2369 3479 2582 3547 maior
2629 3476 2734 3546 in-

579 3599 931 3684 scribitur,
1001 3596 1473 3670 defensionem
1537 3598 1897 3669 continens
1967 3599 2372 3685 senectutis,
2443 3599 2733 3691 aliisque

577 3734 917 3815 praeterea
957 3734 1096 3794 tam
1138 3720 1372 3791 multis
1414 3721 1484 3790 in
1518 3720 1689 3792 locis
1732 3721 1983 3816 attigit,
2029 3732 2107 3792 ut
2140 3723 2345 3795 valde
2380 3721 2547 3793 mihi
2583 3722 2736 3814 qui-

577 3844 736 3916 dem
804 3846 1111 3917 solicitus
1152 3845 1498 3926 videatur,
1536 3865 1624 3914 ne
1662 3867 1870 3936 quem
1905 3845 2171 3916 veritas
2212 3855 2350 3917 tam
2386 3852 2734 3937 comperta

580 3974 971 4060 praetereat.
1010 3966 1150 4036 Sed
1188 3966 1299 4036 cui
1340 3966 1511 4050 haec,
1559 3965 1910 4061 insipienS‚
1942 3968 2234 4061 loquor?
2258 3969 2569 4039 Profecto
2595 3987 2734 4036 non

581 4086 788 4156 modo
828 4110 1075 4179 regum
1116 4088 1336 4159 nostri
1381 4089 1741 4181 temporis,
1787 4087 1915 4160 sed
1954 4089 2519 4185 philosophorum
2559 4086 2730 4177 regi.

582 4207 873 4299 Ignosce
926 4219 1186 4294 autem,
1231 4232 1510 4304 quaeso;
1556 4212 1656 4283 sic
1697 4212 2033 4284 hactenus
2067 4234 2179 4283 me
2218 4210 2492 4284 dicendi
2547 4211 2734 4282 calor
