3104 4805
905 401 1089 450 Lmen
1134 401 1459 450 sermws.
1484 420 1550 430 -
1586 401 1891 449 EPISTOLA
1934 403 2060 449 xm.
2448 388 2563 450 389

411 563 704 644 utroque
756 553 912 624 stilo
952 542 1048 623 ad
1095 565 1159 622 te
1210 552 1583 623 miseram:
1638 554 1706 620 in
1758 551 2011 643 quibus
2065 554 2231 622 nihil
2285 556 2567 623 omnino

413 676 608 758 meis,
663 697 750 745 ne
801 675 1026 746 dicam
1080 675 1247 756 tuis,
1303 672 1684 771 angoribus
1737 688 1889 742 non*
1936 675 2158 742 solum
2210 674 2562 759 curandiS,

415 796 537 868 sed
577 797 784 867 etiam
829 795 1163 867 leniendis
1217 796 1386 866 satis
1436 795 1688 865 efficax
1737 793 1972 864 visum
2024 805 2177 875 est;
2232 807 2302 865 et
2352 798 2569 887 pude-

413 917 532 988 bat
572 919 825 990 totiens
880 921 1161 1009 vulgata
1214 929 1551 1013 repetere.
1605 917 1801 986 Nova
1855 926 2086 986 autem
2140 915 2395 986 cudere
2445 940 2571 987 ex·-

413 1042 666 1112 hausto
716 1042 785 1110 in
835 1041 1076 1135 primis
1130 1041 1402 1132 ingenio
1468 1061 1608 1109 non
1656 1038 2020 1120 valebam3
2075 1035 2289 1107 ordiri
2342 1047 2571 1108 tamen

411 1174 481 1233 et
519 1173 785 1235 tentare
827 1186 966 1233 non
1006 1163 1269 1247 destiti,
1318 1162 1376 1233 si
1418 1164 1593 1232 forte
1635 1181 1845 1256 supra
1889 1183 2081 1255 spem
2124 1181 2288 1231 orsa
2331 1180 2571 1230 succe-

414 1285 680 1356 derent.
741 1288 1029 1357 Possem
1082 1287 1210 1356 tria
1262 1288 1374 1357 vel
1424 1294 1724 1377 quatuor
1786 1285 2164 1354 litterarum
2220 1293 2573 1355 ostentare

414 1407 818 1499 primordia,
863 1409 1146 1479 diverso
1185 1409 1586 1479 charactere
1628 1406 1993 1498 modisque
2030 1409 2170 1477 fere
2210 1406 2566 1488 omnibuS‚

415 1530 694 1619 quibuS,
748 1554 874 1624 pro
927 1530 1262 1601 varietate
1306 1553 1565 1614 rerum,
1621 1528 1936 1620 gravidae
1990 1530 2241 1601 mentis
2286 1530 2573 1601 affectus

415 1659 932 1743 conceptusque
968 1652 1296 1743 parturio.
1334 1652 1514 1721 Sane
1549 1661 1886 1742 quantum
1932 1650 2101 1719 mihi
2144 1652 2254 1720 illa
2298 1654 2577 1744 placue-

420 1770 555 1841 rint
596 1774 910 1845 conditor
953 1775 1132 1846 idem
1173 1785 1240 1846 et
1276 1775 1655 1866 castigator
1695 1777 2004 1845 calamus
2051 1783 2455 1846 transverso
2498 1776 2577 1845 li·-

365 1874 374 1891 ⁸
418 1903 726 1963 turarum
769 1898 1055 1967 vulnere
1096 1897 1372 1968 indicat.
1427 1897 1548 1966 His
1601 1918 1736 1988 ego
1784 1895 2303 1967 difficultatibus
2355 1896 2576 1990 impli-

416 2014 595 2085 citus
623 2016 829 2086 silere
857 2016 1324 2102 firmaveram,
1364 2031 1435 2089 et
1470 2031 1890 2110 praesentem
1928 2017 2262 2108 gemitum
2300 2017 2575 2089 Christo

415 2138 827 2208 consolatori
863 2140 1122 2230 optimo
1158 2141 1519 2211 solandum
1566 2140 2086 2233 finiendumque
2125 2140 2572 2211 committere.

417 2259 579 2329 Haec
629 2282 753 2351 pro
819 2262 1271 2332 excusatione
1339 2263 1592 2333 silentii
1652 2261 1786 2332 mei
1853 2261 2171 2332 dixerim.
2240 2265 2328 2332 Et
2395 2287 2577 2334 nunc

416 2380 601 2473 quod
647 2391 710 2453 te
751 2392 908 2474 post
959 2392 1222 2454 tantum
1267 2394 1538 2478 tempus
1582 2360 1921 2479 alloquor,
1962 2408 2098 2456 non
2132 2385 2375 2456 mutati
2417 2410 2578 2480 pro-

417 2503 647 2594 positi,
695 2504 820 2574 sed
862 2506 1192 2599 insperati
1236 2508 1471 2598 gaudii
1513 2518 1643 2591 est,
1690 2507 1878 2601 quod
1930 2507 2186 2601 pectori
2222 2531 2406 2593 meo,
2449 2534 2578 2580 nu-

416 2645 542 2716 per
580 2624 993 2697 obstinatius
1035 2626 1287 2698 dolenti
1330 2640 1422 2710 et,
1459 2629 1579 2721 qui
1623 2629 1899 2699 miseris
1941 2650 2095 2700 mos
2135 2642 2272 2713 est,
2323 2654 2576 2703 moero-

419 2767 563 2814 rem
630 2748 981 2840 proprium
1035 2749 1319 2834 amanti,
1390 2750 1710 2839 ejusdem
1779 2752 2083 2822 Socratis
2154 2753 2575 2824 recentiores

416 2864 833 2937 invexerunt
874 2870 1160 2941 litterae:
1204 2871 1461 2965 quibus
1504 2873 1709 2942 animi
1759 2873 1853 2942 tui
1907 2874 2081 2943 inter
2135 2882 2229 2944 tot
2280 2876 2576 2944 fortunae

415 2988 711 3081 impetus
786 2992 1272 3066 inconcussam
1355 2994 1907 3083 magnitudinem
1990 2994 2577 3086 eminentiamque

413 3111 769 3203 perdidici:
810 3125 881 3184 et
911 3117 1030 3206 qui
1066 3117 1373 3187 dolorem
1412 3139 1639 3187 meum
1679 3115 1926 3186 tacitus
1968 3120 2290 3200 tuleram,
2332 3139 2576 3207 super-

415 3233 796 3304 adveniens
861 3237 1190 3324 gaudium
1257 3239 1433 3304 ferre
1500 3259 1637 3306 non
1705 3237 1923 3328 potui,
1986 3236 2359 3327 quominus
2423 3236 2575 3329 pias

419 3350 623 3420 simul
663 3353 732 3420 in
774 3355 1092 3424 lacrimas
1134 3365 1204 3424 et
1246 3353 1313 3423 in
1357 3356 1574 3424 verba
1619 3378 2169 3446 prorumperem3
2222 3355 2411 3448 quod
2464 3379 2576 3428 me

416 3469 681 3540 frivolis
724 3472 1188 3565 nequidquam
1230 3484 1494 3543 tentare
1546 3476 2009 3544 sermunculis
2060 3477 2283 3567 pudor
2333 3486 2403 3545 et
2450 3478 2575 3547 do-

417 3590 521 3659 lor
568 3601 638 3662 et
688 3594 1077 3664 reverentia
1124 3601 1521 3678 vetuerant,
1568 3593 1637 3664 id
1680 3595 1769 3664 ab
1828 3595 1942 3664 illo
1994 3599 2258 3667 coelesti
2310 3597 2573 3669 artifice

418 3713 670 3783 factum
716 3715 997 3798 videns,
1043 3715 1182 3797 cui,
1228 3737 1383 3784 cum
1427 3738 1552 3809 pro
1598 3715 1748 3785 aliis
1792 3717 2051 3802 multiS,
2097 3729 2236 3789 tum
2275 3742 2400 3812 pro
2442 3721 2573 3792 hoc

417 3836 770 3930 praecipue
811 3836 1071 3926 gratias
1113 3858 1324 3927 agere
1365 3837 1655 3928 dignum
1709 3847 1845 3921 est,
1903 3841 2090 3930 quod
2145 3841 2265 3911 tibi
2318 3851 2416 3913 tot
2467 3865 2575 3913 re-

312 3949 318 3956 *
420 3982 572 4028 rum
615 3953 814 4028 bellis
854 3958 1161 4029 exercito
1202 3959 1673 4031 fortitudinem
1719 3960 1956 4032 tribuit
1995 3975 2065 4033 et
2115 3966 2570 4035 constantiam

418 4084 914 4175 exemplarem.
969 4079 1237 4173 Itaque,
1281 4081 1498 4153 decus
1549 4106 1811 4169 meum,
1867 4094 1936 4155 et
1989 4085 2119 4156 iam
2173 4087 2374 4177 quasi
2428 4091 2573 4159 sola

421 4203 565 4296 spei
634 4227 809 4274 meae
873 4216 942 4274 et
1008 4208 1380 4276 multorum
1465 4228 1753 4290 ancora,
1830 4208 2214 4301 composito
2295 4211 2569 4283 tandem
