3104 4805
958 372 1143 421 unna
1184 372 1431 422 ramus,
1454 372 1855 422 —EPISTOLA
1895 374 2004 421 vn.
2468 364 2547 426 63

415 520 568 603 tiuS,
596 538 778 587 nuno
803 516 873 586 in
898 516 1132 609 pratiS,
1160 522 1234 587 et
1255 538 1375 609 per
1400 538 1565 587 rura
1589 517 1978 601 multorum,
2009 514 2297 588 floribus
2326 517 2545 590 variis

414 641 818 713 insidamus.
851 640 1370 710 Perscrutemur
1402 616 1762 711 doctorum
1796 638 2153 710 hominum
2180 639 2425 726 libros,
2453 662 2547 712 ex

410 763 662 857 quibus
705 761 1079 833 sententias
1118 762 1644 833 florentissimas
1685 782 1766 832 ac
1799 759 2258 833 suavissimas
2291 764 2548 854 eligen-

414 895 535 971 teS‚
570 883 865 956 candida
895 884 1153 955 circum
1187 884 1326 954 lilia
1358 883 1762 956 fundamur:
1800 882 2009 976 idque
2045 884 2223 956 sicut
2254 883 2550 959 indefes-

412 1028 513 1093 se,
584 1008 686 1079 sic
748 1007 1060 1078 modeste
1108 1006 1484 1098 leniterque
1530 1004 1921 1077 faciendum
1969 1014 2100 1077 est.
2155 1006 2546 1079 Studiorum

412 1138 824 1216 nostrorum,
868 1151 1006 1200 non
1046 1128 1320 1199 inanem
1361 1126 1556 1218 vulgi
1598 1127 1883 1219 gloriam
1920 1137 2233 1200 ventosae
2267 1138 2550 1199 eonten-

417 1252 617 1325 tionis
652 1252 943 1345 argutiis
978 1261 1271 1344 partam,
1303 1249 1428 1321 sed
1461 1247 1772 1322 veritatis
1802 1249 2117 1321 affectum
2144 1271 2225 1320 ac
2249 1249 2545 1333 virtutis,

418 1374 877 1447 honestiorem
929 1374 1297 1446 terminum
1357 1381 1767 1444 statuamus,
1819 1371 2011 1443 Lioet
2059 1371 2264 1467 (mihi
2315 1370 2546 1467 crede)

418 1498 564 1571 sine
588 1498 909 1570 clamosis
937 1495 1496 1568 altercationibus
1534 1496 1711 1567 scire
1742 1495 2021 1588 aliquid.
2048 1495 2201 1567 Non
2231 1496 2390 1568 facit
2411 1499 2552 1568 ela-

418 1643 590 1706 mor,
636 1621 760 1693 sed
798 1619 1149 1692 meditatio
1197 1619 1569 1690 doctorem.
1610 1618 1918 1690 Profecto
1967 1618 2222 1710 itaque,
2265 1618 2400 1689 nisi
2447 1617 2553 1686 vi-

417 1744 567 1815 deri
606 1744 826 1835 magis
866 1764 1079 1837 quam
1118 1764 1278 1813 esse
1316 1740 1744 1835 propositum
1789 1739 1990 1814 nobis
2038 1751 2170 1827 est,
2222 1763 2361 1812 non
2412 1752 2549 1813 tam

421 1866 705 1957 plausus
751 1866 1017 1937 insanae
1056 1864 1543 1951 multitudiniS,
1598 1887 1808 1957 quam
1856 1866 2114 1936 veritas
2167 1864 2236 1934 in
2286 1863 2552 1937 silentio

420 1987 732 2079 placebit,
785 1989 1184 2082 erimusque
1241 1988 1427 2059 tenui
1491 2009 1663 2059 sono
1713 1988 2083 2080 protulisse
2132 1986 2331 2059 nobis
2380 1985 2551 2079 ipsis

422 2109 761 2183 interdum
825 2110 1370 2183 authenticarum
1424 2112 1919 2204 scripturarum
1967 2110 2182 2184 verba
2233 2109 2550 2184 contenti.

421 2229 644 2325 Atque
683 2233 781 2305 ita
819 2256 955 2305 non
994 2235 1275 2325 fragore·
1306 2233 1687 2320 resonabit,

888 2416 1004 2479 Sed
1036 2422 1263 2496 strepet
1294 2416 1493 2479 omnis
1525 2433 1850 2514 murmure
1882 2433 2148 2498 campus.

422 2606 508 2676 Et
545 2606 895 2697 quoniam,
933 2614 1010 2676 ut
1045 2605 1275 2693 videS‚
1313 2605 1665 2678 liberalius
1701 2628 1832 2699 ago
1866 2631 2074 2701 quam
2109 2608 2553 2682 dubitationis

426 2736 559 2797 tuae
608 2726 984 2798 necessitas
1033 2726 1384 2818 exigebat,
1431 2729 1619 2801 aliud
1665 2729 1871 2802 etiam
1921 2731 2305 2825 praemissis
2360 2733 2557 2804 addi-

420 2849 663 2935 derim,
704 2860 779 2919 ut
811 2870 1014 2920 omne
1048 2850 1272 2921 locum
1306 2851 1554 2943 fugias,
1597 2851 1716 2922 ubi
1751 2861 1870 2924 aut
1903 2854 2211 2946 turpiter,
2249 2862 2367 2923 aut
2397 2875 2554 2923 cum

420 2993 665 3064 pompa
706 2970 992 3055 vivitur,
1035 2982 1104 3042 et
1143 2971 1232 3044 ad
1276 2972 1488 3044 solius
1529 2974 1732 3044 famae
1775 2974 2121 3066 popularis
2163 2973 2553 3044 arbitrium:

425 3114 544 3163 nec
579 3093 813 3164 minus
855 3092 978 3163 tibi
1016 3116 1226 3186 quam
1269 3094 1515 3187 apibus
1558 3096 1952 3188 pestiferum
1989 3095 2168 3166 scias
2203 3094 2558 3168 habitacu-

423 3215 589 3300 lum,
634 3225 755 3287 aut

692 3477 699 3490 ,
735 3412 845 3477 Ubi
882 3414 1031 3478 odor
1054 3414 1208 3478 caeni
1249 3417 1486 3494 gravis,
1521 3423 1626 3479 aut
1658 3416 1761 3480 ubi
1797 3431 2058 3479 concava
2091 3417 2268 3494 pulsu

734 3511 885 3576 Saxa
919 3520 1162 3591 sonant,
1195 3515 1485 3594 vocisque
1520 3516 1742 3579 offensa
1776 3515 2024 3579 resultat
2056 3517 2277 3593 imago,

424 3705 656 3799 Neque
690 3709 810 3783 tibi
845 3712 972 3788 soli
1005 3712 1136 3784 hoo
1167 3714 1427 3786 dietum
1461 3723 1692 3809 puteS,
1726 3714 1851 3786 sed
1874 3711 2214 3798 omnibuS,
2242 3710 2556 3804 quicum-

422 3849 558 3918 que
608 3829 676 3898 in
713 3831 944 3925 aliqua
983 3857 1213 3910 rerum
1254 3835 1703 3909 laudabilium
1742 3836 2133 3912 inventione
2165 3845 2551 3908 versantur.

418 3950 705 4026 Duobus
739 3953 851 4027 his
884 3958 1253 4052 praecipue,
1298 3958 1552 4032 nobilia
1593 3961 1962 4031 multorum
1999 3959 2423 4032 suffocantur
2453 3958 2557 4026 in-

418 4074 618 4163 genia
632 4132 648 4161 ‚
680 4075 1038 4152 libidinum
1065 4082 1560 4155 consuetudine
1588 4091 1661 4154 et
1683 4081 2077 4175 opinionum
2104 4083 2558 4176 perversitate

417 4200 833 4290 vulgarium.
884 4205 1068 4275 Dum
1113 4204 1296 4278 enim
1345 4206 1461 4278 illa
1513 4206 1709 4279 sedet
1758 4203 2193 4290 intrinsecus,
2244 4206 2556 4277 exterius
