3104 4805
596 372 715 433 ⁹270
1265 384 1346 431 οε
1390 384 1589 432 nanus
1635 383 2073 433 FAmmAmBus

597 540 769 600 rent.
799 531 1035 622 Itaque
1069 529 1235 601 dum
1271 529 1596 602 differunt
1631 530 2033 624 sensimque
2068 539 2499 622 merguntur,
2529 554 2756 627 usque

595 653 688 725 ad
725 653 1064 747 proximae
1126 651 1345 723 noctis
1413 662 1678 745 partem
1735 652 2174 745 naufragium
2232 662 2536 727 traxere.
2580 657 2754 728 Tum

595 775 783 862 victi,
828 775 1128 847 desertis
1154 774 1397 861 armis,
1429 775 1498 846 in
1529 776 1890 869 superiora
1914 777 2118 848 navis
2143 786 2537 871 eruperant.
2575 781 2755 851 Dum

593 921 755 972 ecce
795 910 1045 993 praeter
1086 919 1281 994 spem
1323 906 1395 970 et
1431 898 1589 970 coeli
1627 900 1867 971 vultus
1913 900 2251 985 serenari,
2295 910 2366 971 et
2403 901 2572 973 fessi
2605 922 2757 972 ma-

593 1023 690 1094 ris
716 1021 820 1095 ira
844 1024 1229 1095 lentescere
1254 1021 1480 1118 coepit.
1508 1023 1625 1108 Ita,
1655 1023 1922 1094 cunctis
1948 1023 2420 1119 pereuntibuS,
2463 1023 2753 1118 pessimi

593 1145 902 1217 omnium
942 1166 1265 1230 evasere,
1312 1145 1463 1218 sive
1503 1145 1667 1239 quia
1705 1159 1925 1217 servat
1956 1148 2193 1218 multos
2215 1149 2486 1237 fortuna
2509 1167 2755 1216 nocen-

595 1278 705 1352 tes,
748 1276 827 1339 ut
866 1268 1217 1353 LucanuS,
1263 1266 1415 1339 sive
1456 1270 1621 1362 quia
1660 1267 1809 1339 Diis
1847 1270 2047 1339 aliter
2084 1273 2447 1353 visum‘est,
2482 1278 2561 1340 ut
2591 1268 2750 1339 Vir-

594 1388 801 1480 gilius
842 1381 969 1473 ait,
1008 1386 1160 1460 sive
1201 1399 1277 1460 ut
1313 1389 1603 1481 intelligi
1642 1391 1878 1474 detur,
1924 1391 2077 1463 illos
2119 1393 2298 1463 inter
2347 1389 2585 1463 mortis
2626 1410 2752 1482 pe-

595 1511 810 1582 ricula
849 1499 1173 1598 tutiores,
1241 1512 1498 1606 quibus
1567 1513 1772 1584 vilior
1825 1514 1970 1586 vita
2019 1524 2150 1586 est.
2194 1516 2361 1586 Haec
2399 1511 2751 1585 hesternae

595 1634 907 1708 historiae
949 1656 1220 1707 summa
1260 1647 1398 1708 est:
1442 1658 1606 1729 quae
1645 1660 1733 1709 ne
1775 1638 2035 1710 frustra
2086 1638 2342 1730 digitos
2393 1659 2585 1710 meos
2627 1659 2753 1708 au-

595 1780 850 1852 resque
911 1768 1064 1832 tuas
1113 1760 1487 1833 detinuerit
1530 1760 1879 1855 (quamvis
1913 1760 2376 1833 humanorum
2410 1758 2755 1834 discrimi-

594 1904 761 1953 num
800 1887 1104 1978 amplam
1141 1886 1463 1978 praeferat
1500 1885 1888 1970 materiam,
1934 1886 2023 1958 de
2057 1884 2313 1978 quibus
2348 1885 2566 1956 multa
2597 1882 2753 1977 qui-

595 2003 753 2077 dem
824 2027 1054 2100 saepe,
1135 2007 1261 2079 sed
1331 2028 1455 2102 pro
1522 2007 1620 2078 rei
1688 2007 2019 2100 qualitate
2077 2028 2300 2101 pauca
2366 2026 2643 2099 semper
2708 2025 2750 2074 a

597 2131 1022 2224 sapientibus
1047 2132 1182 2204 dici
1210 2133 1481 2227 solent),
1511 2131 1646 2204 hoc
1674 2155 1888 2204 unum
1916 2132 2084 2203 mihi
2108 2142 2292 2204 certe
2320 2130 2746 2225 praestiterit,

596 2262 674 2323 ut
713 2263 778 2325 te
817 2252 1175 2326 obsecrem
1214 2275 1300 2324 ne
1335 2277 1448 2325 me
1481 2276 1790 2348 unquam
1825 2253 2121 2348 amplius
2155 2253 2372 2326 vitam
2407 2252 2636 2324 ventis
2671 2274 2752 2324 ac

594 2378 919 2450 fluctibus
961 2377 1245 2450 credere
1287 2376 1555 2449 iubeas.
1599 2380 1745 2450 Hoc
1792 2378 1977 2449 enim
2041 2388 2150 2450 est
2202 2378 2274 2449 in
2338 2399 2478 2472 quo
2526 2398 2752 2470 neque
2805 2416 2808 2417 ν

599 2499 747 2584 tibi,
792 2520 1019 2593 neque
1059 2502 1369 2572 Romano
1409 2500 1748 2587 Pontifici,
1802 2522 2029 2594 neque
2078 2502 2254 2593 patri
2305 2520 2488 2586 mec,
2546 2499 2607 2573 si
2657 2499 2748 2571 ad

594 2625 816 2693 lucem
859 2621 1124 2708 redeat,
1168 2644 1412 2716 parere
1451 2624 1684 2694 velim.
1753 2622 2001 2695 Aerem
2070 2623 2502 2709 volucribus,
2558 2644 2748 2694 mare

593 2743 901 2837 piscibus
928 2745 1274 2837 relinquo:
1312 2754 1664 2816 terrenum
1691 2745 1963 2829 animal,
1997 2752 2328 2815 terrestre
2355 2745 2485 2816 iter
2518 2767 2745 2836 agam.

591 2868 771 2937 Dum
806 2889 931 2960 pes
973 2890 1173 2940 meus
1214 2877 1468 2939 terram
1511 2869 1754 2953 calcet,
1793 2888 1922 2937 nec
1955 2865 2426 2959 pharetratum
2468 2868 2749 2939 Sarma-

596 2996 764 3071 tam,
808 3010 939 3061 nec
978 2989 1329 3061 ludentem
1371 2990 1441 3058 in
1481 2987 1872 3084 hospitibus
1913 2988 2232 3058 Maurum
2275 2984 2465 3056 adire
2503 3006 2742 3054 renuo.

594 3111 786 3183 Mitte
827 3134 939 3183 me
981 3136 1120 3206 quo
1160 3113 1297 3198 vis,
1341 3135 1428 3186 ne
1462 3112 1670 3183 Indos
1728 3110 2010 3205 quidem
2054 3109 2351 3203 excipio.
2388 3105 2741 3200 Alioquin,

595 3259 803 3332 parce
839 3238 1186 3322 confesso,
1230 3260 1370 3309 non
1402 3235 1886 3309 decembribus
1920 3244 2185 3307 tantum
2231 3231 2742 3317 saturnalibuS,

599 3360 724 3434 sed
767 3369 909 3433 toto
949 3382 1127 3433 anno
1169 3361 1488 3433 libertate
1532 3370 1708 3434 utar.
1752 3360 1936 3445 Quid
1973 3358 2176 3443 enim,
2220 3380 2345 3430 oro
2376 3355 2563 3440 mihi,
2603 3375 2752 3426 am-

597 3486 776 3578 plius
813 3485 1136 3571 suadeaS,
1176 3495 1297 3557 aut
1327 3484 1584 3579 quibus
1625 3506 1933 3578 unquam
1968 3503 2079 3553 me
2114 3480 2352 3553 verbis
2386 3477 2754 3572 aggredia-

598 3610 696 3679 ris
736 3619 815 3681 ut
853 3586 1229 3702 navigem?
1265 3607 1567 3681 Firmam
1609 3609 1922 3701 puppim,
1966 3606 2210 3678 doctos
2249 3614 2500 3676 nautas
2539 3602 2748 3693 elige;

599 3733 819 3804 athis
863 3742 1236 3827 utrumque
1300 3733 1706 3824 contigerat.
1777 3732 1950 3802 Cum
2012 3732 2155 3801 sole
2211 3738 2487 3824 portum
2547 3734 2746 3818 pete,

599 3865 804 3927 noctu
871 3879 1192 3928 ancoram
1258 3856 1571 3942 demitte,
1640 3855 1862 3928 hostis
1913 3875 2280 3926 occursum
2340 3872 2538 3934 cave,
2593 3850 2753 3940 lege

600 3978 821 4048 litoris
861 4001 1081 4064 oram3
1126 3990 1196 4051 at
1233 3979 1279 4048 ii
1327 3979 1598 4052 diurnis
1647 3978 1842 4050 boris
1895 3977 1964 4048 in
2017 3986 2241 4070 portu,
2297 3994 2551 4047 ancora
2597 3992 2754 4043 are-

603 4100 714 4169 nis
757 4102 1115 4175 tenacibus
1157 4103 1398 4188 affixa,
1441 4111 1510 4173 et
1550 4122 1750 4196 paene
1786 4100 1948 4173 litus
1990 4100 2221 4192 ipsum
2259 4096 2548 4186 remigio
2600 4099 2752 4161 tan-

608 4231 871 4310 gentes,
918 4224 1089 4293 inter
1130 4235 1228 4294 tot
1268 4225 1478 4295 millia
1529 4224 2004 4297 miserantium
2045 4221 2418 4293 amicorum
2456 4215 2745 4311 periere.
