3104 4805
1187 333 1704 384 PROLEGOMENON.
2442 337 2524 384 vll

367 474 760 549 bibliotheca,
807 489 999 553 quam
1047 472 1316 538 moriens
1368 474 1495 554 ipse
1547 473 1869 553 Municipio
1925 474 2274 553 Tergestino
2329 493 2524 540 annua

362 598 514 643 cnm
546 582 685 643 dote
724 579 1059 643 liberaliter
1099 580 1338 658 legavit.
1384 578 1590 651 Quum
1631 596 1817 660 porro
1858 582 2074 657 multa,
2120 597 2311 660 eaque
2354 583 2524 647 varia

363 687 728 750 Franciscus
761 687 1042 748 Petrarca
1076 685 1302 763 ingenii
1336 685 1433 749 sui
1458 692 1856 748 monumenta
1885 686 2223 766 reliquerit,
2246 703 2280 749 e
2305 688 2525 765 quibus

358 794 657 856 omnibus
692 793 962 873 epistolae
987 797 1223 854 tantum
1249 793 1444 855 soluta
1471 791 1746 855 oratione
1766 792 2138 872 conscriptae,
2162 794 2286 856 imo
2312 808 2524 857 earum

357 915 513 978 pars
544 915 670 961 una
704 898 897 961 nostri
929 897 1296 960 constituant
1335 895 1560 960 laboris
1600 896 1951 974 materiam,
1994 913 2095 961 eas
2135 905 2372 962 tantum
2405 900 2522 963 edi-

356 1005 573 1067 tiones
598 1004 715 1066 hoc
741 1003 855 1066 loci
883 1003 1276 1066 recensendas
1298 1007 1606 1082 putamus,
1629 1017 1767 1080 quae
1790 1004 1888 1066 vel
1907 1002 2187 1082 epistolas
2206 1002 2526 1066 seiunctim

356 1110 437 1173 ab
474 1109 620 1172 aliis
651 1108 941 1188 operibus
973 1107 1287 1182 exhibent,
1323 1107 1421 1170 vel
1454 1122 1558 1169 eas
1593 1106 1754 1183 aliis,
1791 1107 2157 1171 omnibusve
2181 1108 2527 1169 coniunctas

356 1213 880 1293 complectuntur.
913 1213 1003 1275 En
1038 1213 1227 1291 igitur
1261 1227 1398 1290 quae
1432 1214 1736 1277 eiusmodi
1768 1213 2085 1294 hucusque
2118 1222 2374 1296 peractae
2407 1215 2524 1278 edi-

353 1321 571 1383 tiones
607 1319 788 1383 nobis
821 1320 1158 1382 innotuere.

465 1549 511 1602 1.
557 1546 722 1603 1484.
760 1547 918 1619 (Sine
952 1547 1119 1619 loco.)
1146 1546 1238 1603 Fr.
1276 1548 1589 1603 Petrarchae
1624 1548 1900 1621 Epistolae.
1930 1552 2097 1607 Hanc
2125 1553 2264 1608 citat
2298 1552 2526 1607 Baldel-

835 1639 948 1693 lius
971 1633 988 1667 ¹
1018 1637 1193 1708 fidem
1217 1643 1489 1708 sequutus
1514 1638 1848 1694 Maittairii.
1873 1637 1896 1670 ²

425 1726 502 1780 11.
546 1724 709 1781 1492.
753 1725 850 1780 Fr.
865 1726 1171 1780 petrarchae
1190 1725 1447 1798 Epistolae
1465 1725 1804 1781 Familiare&
1827 1727 1980 1782 Libri
1994 1728 2141 1784 VIII.
2168 1731 2388 1785 Charta
2409 1732 2438 1787 1
2451 1733 2525 1788 17

832 1817 991 1884 teryo
1002 1814 1125 1867 hoec
1145 1814 1314 1868 habet
1324 1812 1708 1885 .·—Impresso
1730 1814 1795 1867 in
1811 1815 1953 1868 urbe
1972 1815 2344 1873 Venetiarum
2364 1822 2528 1889 operi

823 1903 1277 1974 perJohannem
1297 1908 1352 1957 et
1374 1905 1724 1975 Greyorium
1740 1906 1826 1960 De
1839 1906 2135 1977 Greyoriis
2152 1910 2367 1978 fratres
2383 1909 2528 1979 felia:

831 1992 1159 2063 imponitur
1175 1992 1333 2063 finis.
1361 1992 1721 2063 Castiyatum
1747 2000 1829 2049 est
1847 2000 2042 2050 autem
2060 2013 2176 2067 qua
2192 1996 2328 2067 fieri
2336 1999 2528 2068 potuit

836 2082 1140 2153 diliyentia
1157 2082 1543 2137 aSebastiano
1552 2083 1795 2139 Manilio
1805 2085 2066 2141 Romano
2087 2087 2203 2140 cive
2221 2086 2346 2141 viro
2368 2088 2529 2142 haud

840 2170 1134 2226 illitterato
1156 2173 1435 2226 humanoe
1452 2173 1900 2230 restaurationis
1918 2192 2071 2230 anno
2092 2190 2523 2231 uccccnxxxxn.

836 2259 1033 2316 Idibus
1069 2261 1405 2333 septembris
1432 2261 1758 2333 Auqustino
1787 2262 2112 2319 Barbadico
2142 2265 2525 2321 Serenissimo

840 2347 1210 2410 Venetiarum
1230 2347 1505 2420 principe
1532 2349 1977 2422 Rempublicam
2005 2356 2246 2407 tenente.

768 2439 887 2494 Vol.
924 2439 990 2507 1,
1019 2439 1157 2494 ivi-4
1184 2444 1404 2494 constat
1430 2440 1617 2494 chart.
1664 2439 1781 2495 117
1810 2446 2038 2511 praeter
2072 2441 2329 2497 litteram
2365 2444 2523 2498 dedi-

829 2528 1146 2596 catoriam,
1175 2529 1455 2596 indicem,
1483 2535 1539 2583 et
1566 2530 1751 2584 chart.
1781 2530 2056 2586 ultimam
2082 2548 2526 2604 monogramma

827 2621 1089 2689 fratrum
1112 2621 1197 2675 De
1227 2619 1523 2690 Greyoriis
1551 2619 1621 2690 (Z
1651 2618 1722 2688 G)
1749 2620 2133 2676 exhibentem.

758 2707 1006 2763 Rossetti
1050 2709 1235 2765 Catal.
1280 2723 1350 2763 n⁰
1394 2709 1493 2765 53.
1525 2709 1921 2766 Rarissimam
1965 2712 2070 2765 hoe
2112 2713 2380 2767 volumen
2422 2714 2524 2768 sub

835 2796 1012 2850 oculis
1042 2797 1223 2852 habui
1245 2798 1398 2851 mihi
1436 2797 1854 2853 humanissime
1890 2798 2316 2853 commodatum
2343 2816 2380 2852 a
2405 2802 2526 2870 sra-

834 2888 1017 2942 tribus
1044 2888 1129 2942 De
1156 2887 1404 2944 Minicis.

403 2974 497 3029 111.
539 2975 713 3030 1494.
758 2973 853 3028 Fr.
884 2975 1195 3030 Petrarchae
1223 2976 1403 3048 Opera
1421 2975 1629 3044 omnia,
1651 2972 1976 3028 Daventriae.
2000 2971 2334 3029 Editionem
2353 2973 2521 3042 hanc,

827 3064 1094 3135 primam
1122 3081 1252 3136 quoe
1279 3081 1459 3136 opera
1487 3063 1691 3118 omnia
1715 3061 1817 3117 Fr.
1858 3062 2174 3116 Petrarcae·
2194 3063 2525 3134 complecta-

833 3160 960 3223 tur,
986 3155 1124 3209 citat
1140 3156 1430 3210 Rossettus
1448 3153 1513 3208 in
1528 3153 1890 3224 Praefatione
1908 3168 2153 3223 operum
2162 3154 2523 3224 poeticorum

831 3243 1128 3298 minorum
1154 3244 1255 3298 Fr.
1288 3244 1586 3298 Petrarcoe
1604 3259 1735 3315 quae
1755 3245 1876 3315 ipse
1894 3243 2104 3311 edidit,
2127 3249 2182 3298 et
2202 3245 2523 3300 illustrium

830 3331 1172 3386 Italicorum
1240 3338 1554 3404 poetarum
1623 3334 1882 3389 versione
1944 3335 2159 3389 donata
2215 3332 2519 3406 vulyavit.⁸

831 3419 1006 3474 Haud
1032 3425 1228 3475 tamen
1254 3421 1423 3475 illam
1448 3437 1507 3474 se
1532 3420 1767 3492 uspiam
1794 3421 2000 3476 vidisse
2021 3424 2253 3493 profert
2279 3422 2520 3492 diliyen-

833 3509 1085 3564 tissimus
1133 3510 1228 3564 hic
1281 3511 1679 3582 investiqator,
1733 3511 2019 3582 fidemque
2061 3510 2379 3566 Maittairii
2420 3511 2524 3580 qui

832 3611 958 3666 sup.
990 3602 1045 3651 et
1070 3597 1193 3667 ipse
1221 3603 1492 3668 sequutus
1519 3600 1585 3653 in
1613 3601 1719 3654 hoc
1743 3601 1991 3654 videtur.

478 3749 493 3778 ¹
531 3743 632 3793 Del
658 3740 905 3790 Petrarca
936 3756 962 3792 8
1000 3742 1128 3792 delle
1149 3757 1235 3792 sue
1259 3757 1402 3807 opere
1420 3783 1432 3803 ,
1457 3744 1594 3794 Libri
1617 3747 1647 3794 4
1671 3745 1751 3796 del
1776 3757 1882 3794 cav.
1909 3743 2017 3794 Gio.
2054 3741 2261 3792 Battista
2285 3741 2517 3801 baldelii,

363 3823 598 3884 fimum,
628 3822 780 3873 ¹837.

477 3900 501 3933 ²
532 3899 802 3951 Haittaire
843 3900 988 3951 nich.
1012 3929 1075 3939 —-
1098 3903 1312 3954 Annales
1346 3903 1683 3968 typoyraphici
1735 3902 1800 3953 ab
1831 3902 1956 3952 artis
1986 3902 2200 3952 inventae
2231 3901 2424 3965 origine
2454 3901 2517 3950 ad

363 3992 479 4031 ann.
510 3982 642 4032 1557
670 3992 791 4030 cum
815 3981 1090 4044 appendice
1112 3983 1176 4034 ad
1202 3995 1315 4034 ann.
1344 3986 1480 4036 ¹664.
1510 3985 1661 4048 Hagae
1684 3983 1928 4034 Comitum
1956 3989 2008 4033 et
2031 3982 2404 4033 Amstelodaml.

482 4058 502 4089 ³
537 4057 724 4110 poesie
751 4058 931 4109 minori
952 4060 1031 4110 del
1056 4061 1295 4112 Petrarca
1317 4063 1395 4113 sul
1425 4069 1558 4114 testo
1595 4063 1749 4113 latino
1790 4075 1878 4112 ora
1910 4068 2162 4124 corretto,
2190 4060 2518 4124 volgarizzate

365 4139 425 4188 da
444 4141 585 4202 poeti
612 4137 809 4190 viventi
832 4152 862 4189 e
883 4139 944 4191 da
968 4154 1095 4203 poco
1118 4140 1325 4192 desumi.
1363 4142 1541 4194 Milano
1558 4181 1573 4205 ‚
1600 4141 1739 4193 Tomi
1762 4142 1809 4193 3.
1834 4141 1944 4205 Tip.
1962 4140 2204 4192 de’ClaSS.
2228 4138 2515 4190 lose-¹83⁴.
