3104 4805
532 319 567 378 8
738 293 757 300 ’
1208 325 1512 375 musi-om
1561 327 1641 374 An
1685 326 2025 377 Posrsnos

528 483 600 542 et
650 471 741 542 ab
801 471 970 543 urbe
1027 475 1246 542 Roma
1297 473 1622 556 SenatuS‚
1676 484 1745 543 et
1787 473 1881 545 ,de
1938 473 2221 543 Parisiis
2282 475 2684 547 Cancellarii

530 594 750 666 Studii
792 596 882 666 ad
922 617 1032 665 me
1073 594 1320 663 litterae
1361 605 1841 686 pervenerunt,
1885 596 2193 665 certatim
2231 617 2341 665 me
2382 597 2520 667 illae
2552 600 2690 670 Ro—

529 739 740 801 mam,
780 717 914 786 illae
945 716 1281 800 Parisi03‚
1328 714 1973 809 ad.percipiendam
2006 719 2316 789 lauream
2351 720 2684 810 poeticam

527 847 918 912 evocantes.
965 835 1234 918 Quibus
1285 858 1417 927 ego
1468 837 1859 907 iuveniliter
1909 837 2410 929 gloriabundus
2460 853 2531 911 et
2576 864 2686 912 me

529 960 816 1050 dignum
860 957 1174 1028 iudicans
1222 980 1363 1049 quo
1403 980 1515 1029 me
1559 960 1847 1048 dignum
1889 960 2059 1029 tanti
2099 960 2233 1029 viri
2273 961 2681 1046 iudicarent,

528 1103 654 1151 nec
710 1081 1030 1150 meritum
1089 1102 1318 1149 meum
1381 1081 1509 1151 sed
1580 1081 1872 1150 aliorum
1934 1081 2196 1151 librans
2265 1084 2681 1167 testimonia,

529 1222 901 1294 parumper
960 1211 1189 1271 tamen
1253 1201 1580 1272 haesitavi
1638 1204 1748 1272 cui
1815 1203 2066 1293 potiu's'
2118 1225 2357 1274 aurem
2423 1204 2681 1284 darem,

528 1324 750 1416 Super
799 1345 938 1413 quo
987 1323 1352 1393 consilium
1406 1324 1734 1395 Iohannis
1788 1325 1875 1395 de
1926 1327 2259 1396 Columna
2301 1327 2683 1398 Cardinalis

530 1445 1075 1538 supranominati
1113 1467 1237 1536 per
1276 1446 1542 1516 litteras
1584 1447 1863 1539 expetii.
1917 1450 2088 1517 Erat
2133 1449 2314 1518 enim
2367 1449 2539 1518 adeo
2580 1449 2685 1519 vi-

526 1569 766 1651 cinus,
814 1576 893 1636 ut
924 1589 1079 1637 cum
1141 1568 1272 1637 sibi
1335 1589 1489 1639 sero
1557 1569 2031 1660 scripsissem,
2095 1570 2207 1640 die
2257 1571 2469 1640 altero
2529 1580 2685 1640 ante

529 1689 772 1760 horam
820 1692 1093 1760 tertiam
1146 1712 1559 1782 responsum
1611 1692 1762 1760 eius
1815 1691 2224 1782 acciperem3
2277 1692 2475 1762 cuius
2524 1714 2687 1762 con-

530 1813 756 1883 silium
825 1825 1134 1898 secutuS‚
1199 1816 1531 1884 Romanae
1583 1811 1781 1882 urbis
1835 1814 2311 1884 auctoritatem
2364 1815 2682 1885 omnibus

527 1937 1025 2027 praeferendam
1080 1938 1320 2022 statui,
1373 1948 1443 2007 et
1491 1938 1580 2008 de
1636 1936 2129 2029 approbatione
2187 1937 2454 2007 consilii
2504 1939 2685 2022 eiuS‚

527 2078 681 2127 mea
721 2058 983 2149 duplex
1025 2059 1115 2129 ad
1156 2059 1348 2127 illum
1389 2069 1588 2129 extat
1626 2059 1939 2150 epistola.
1985 2059 2087 2129 Ivi
2121 2081 2306 2148 erg0,
2345 2071 2413 2129 et
2445 2083 2690 2150 quam-

528 2181 637 2250 vis
677 2201 833 2272 ego,
880 2202 1070 2250 more
1111 2180 1475 2263 iuvenum,
1524 2200 1756 2250 rerum
1799 2203 2108 2252 mearum
2150 2180 2686 2270 benignissimus

529 2303 741 2373 iudex
789 2324 1047 2386 essem,
1101 2300 1351 2371 erubui
1403 2310 1634 2372 tamen
1694 2304 1782 2374 de
1841 2326 1950 2375 me
2009 2304 2161 2393 ipso
2221 2301 2687 2372 testimonium

530 2424 744 2515 sequi,
775 2425 887 2495 vel
918 2445 1159 2493 eorum
1197 2447 1238 2494 a
1275 2424 1530 2515 quibus
1567 2426 1947 2508 evocabat-3
1982 2425 2172 2517 quod
2206 2426 2441 2517 procul
2477 2424 2688 2495 dubio

528 2564 665 2611 non
722 2543 1044 2613 fecissent
1099 2545 1236 2615 nisi
1295 2570 1405 2617 me
1467 2548 1756 2639 dignum
1810 2549 2042 2619 oblato
2088 2548 2348 2619 honore
2389 2548 2691 2617 iudicas-

529 2672 700 2731 sent.
739 2664 933 2735 Unde
972 2666 1326 2759 Neapolim
1369 2671 1670 2761 primum
1706 2680 1935 2762 petere
1976 2668 2263 2752 institui,
2302 2679 2370 2738 et
2403 2670 2561 2736 veni
2597 2669 2684 2738 ad

527 2783 717 2852 illum
771 2806 1118 2857 summum
1167 2800 1237 2859 et
1289 2813 1521 2881 regem
1582 2802 1650 2860 et
1716 2788 2204 2881 philosophum
2263 2786 2678 2865 Robertum‚

529 2927 665 2976 non
698 2928 913 2998 regno
947 2932 1160 3002 quam
1194 2912 1437 2982 litteris
1473 2912 1855 2992 clariorem,
1895 2930 2101 2999 quem
2136 2909 2415 2985 unicum
2450 2927 2682 2995 regem

527 3037 597 3097 et
638 3027 942 3099 scientiae
985 3033 1282 3102 amicum
1330 3041 1399 3101 et
1449 3028 1724 3100 virtutis
1768 3038 2005 3097 nostra
2059 3037 2235 3096 aetas
2291 3024 2563 3108 habuit,
2608 3036 2686 3094 ut

527 3151 677 3243 ipse
711 3151 799 3222 de
831 3174 941 3223 me
974 3154 1161 3245 quod
1208 3152 1338 3221 sibi
1373 3152 1609 3219 visum
1643 3158 1834 3218 esset
1868 3157 2197 3218 censeret.
2238 3148 2299 3218 A
2339 3170 2478 3239 quo
2512 3169 2686 3239 qua-

526 3271 682 3342 liter
728 3275 927 3345 visus
978 3285 1047 3343 et
1094 3272 1205 3342 cui
1255 3290 1464 3360 quam
1522 3280 1841 3361 acceptus
1894 3271 2142 3340 fuerim
2190 3281 2262 3341 et
2309 3273 2459 3364 ipse
2504 3294 2685 3341 nunc

529 3394 763 3480 miror,
807 3405 877 3464 et
926 3403 998 3462 tu
1052 3393 1110 3461 si
1150 3391 1459 3478 noveriS,
1505 3392 1747 3477 lector,
1803 3403 1968 3485 puto
2021 3394 2386 3464 mirabere.
2431 3393 2686 3465 Audita

532 3530 759 3590 autem
811 3515 1157 3587 adventus
1209 3515 1341 3584 mei
1395 3536 1633 3600 causa,
1687 3516 1942 3587 mirum
1983 3518 2053 3586 in
2094 3518 2377 3589 modum
2418 3519 2688 3588 exhila-

533 3651 726 3711 ratus
775 3649 907 3725 est,
961 3647 1032 3707 et
1078 3637 1449 3709 iuvenilem
1501 3638 1817 3730 cogitans
1868 3638 2220 3725 fiduciam,
2282 3652 2352 3711 et
2399 3640 2686 3711 forsitan

532 3764 843 3851 cogitans
896 3760 1226 3831 honorem
1278 3782 1482 3851 quem
1535 3771 1836 3853 peterem
1899 3782 2028 3831 sua
2090 3764 2307 3853 gloria
2365 3784 2501 3832 non
2562 3782 2687 3831 va—

532 3903 719 3960 care,
764 3880 951 3969 quod
989 3903 1120 3971 ego
1161 3905 1320 3953 eum
1366 3885 1588 3954 solum
1633 3883 1925 3953 iudicem
1979 3883 2301 3955 idoneum
2341 3907 2380 3954 e
2419 3884 2682 3954 cunctis

534 3997 940 4068 mortalibus
973 4004 1360 4093 elegissem.
1392 4003 1577 4085 Quid
1612 4008 1873 4074 multa‘?
1897 4006 2063 4075 Post
2096 4006 2491 4076 innumeras
2529 4025 2684 4074 ver—

518 4118 777 4188 borum
831 4122 1224 4194 collationes
1282 4126 1495 4195 variis
1547 4128 1635 4197 de
1695 4127 1934 4209 rebus,
2000 4138 2490 4216 ostensamque
2552 4123 2682 4193 sibi
