3104 4805
944 431 1127 479 Lfflssn
1172 431 1944 481 &cunnus—smmum
1995 434 2033 479 ι.
2486 423 2561 481 83

404 578 706 671 quodam
769 578 916 647 loco
982 577 1079 646 ait
1143 576 1368 660 idem,
1435 576 1697 648 sciebat
1763 576 1895 646 sihi
1960 579 2188 647 omnia
2249 590 2556 664 restare,

405 699 699 792 ideoque
742 698 1083 790 quidquid
1124 702 1379 770 factum
1420 709 1637 783 esset,
1689 698 2006 769 dicturus
2057 700 2324 771 suerat:
2375 699 2562 772 Scie-

406 824 571 890 bam.
651 821 869 890 Multa
944 842 1130 890 nunc
1200 822 1380 890 ultro
1445 820 1773 913 equidem
1838 821 2247 891 constantiae
2314 824 2559 894 similis

400 944 723 1035 exempla
789 963 864 1011 se
920 941 1262 1023 offerunt3
1321 942 1448 1011 sed
1500 942 1817 1033 epistolae
1869 943 2121 1014 modus
2161 946 2359 1036 plura
2422 968 2558 1016 non

406 1064 662 1158 recipit.
707 1062 947 1134 Finem
985 1063 1195 1153 igitur
1237 1061 1608 1156 imponam.
1653 1065 1742 1133 Et
1780 1064 1838 1133 si
1878 1064 1993 1135 cui
2025 1066 2258 1135 forsan
2294 1066 2562 1158 patien-

405 1187 496 1257 tia
549 1197 666 1256 tua
731 1184 821 1255 ab
869 1184 979 1255 his
1021 1183 1524 1255 laudatissimis
1573 1181 1846 1255 actibus
1898 1186 2121 1256 aliena
2163 1186 2554 1271 videbitur,

404 1318 766 1400 propterea
806 1304 995 1397 quod
1041 1313 1114 1373 tu
1163 1325 1302 1373 non
1345 1303 1565 1374 filium
1608 1304 2021 1396 perdideris,
2069 1307 2193 1377 sed
2232 1309 2555 1392 fratrem,

402 1449 604 1520 aequo
644 1427 876 1496 animo
917 1426 1139 1518 patiar
1178 1448 1750 1520 unumquemque
1786 1428 2045 1498 sentire
2085 1430 2273 1521 quod
2331 1430 2561 1522 opinio

404 1572 531 1620 sua
564 1551 712 1619 fert.
748 1551 900 1640 Ego
941 1547 1225 1641 quidem
1265 1547 1335 1617 in
1377 1570 1489 1618 me
1534 1549 1691 1641 ipso
1730 1551 2023 1621 alterum
2063 1572 2307 1622 casum
2359 1553 2561 1623 dum-

406 1680 599 1740 taxat
634 1680 966 1762 expertus
1010 1691 1188 1739 sum.
1226 1667 1376 1738 Filii
1418 1668 1865 1740 amissionem
1907 1690 2046 1738 non
2085 1671 2274 1755 novi,
2320 1682 2392 1741 at
2423 1674 2563 1741 fra-

406 1802 623 1861 ternae
655 1789 846 1861 necis
879 1794 1140 1863 vulnus
1191 1791 1456 1882 excepi.
1510 1792 1623 1867 De,
1657 1790 1789 1860 hoc
1828 1791 2088 1861 certius
2153 1793 2343 1885 loqui
2397 1815 2562 1887 pos-

406 1933 586 1981 sum.
661 1912 838 1983 Nihil
908 1912 1139 2004 itaque
1210 1912 1584 1996 contendo,
1662 1933 1887 2004 neque
1969 1914 2198 1982 luctus
2264 1912 2558 1985 invicem

404 2037 724 2115 confero3
763 2036 888 2107 sed
938 2035 1107 2107 illud
1150 2035 1332 2119 scio,
1382 2056 1571 2128 saepe
1621 2033 1890 2105 facilius
1944 2033 2283 2105 amissum
2342 2033 2557 2105 filium

404 2156 781 2228 restaurari
821 2179 1063 2249 posse,
1107 2178 1318 2250 quam
1362 2161 1668 2228 fratrem.
1704 2159 1899 2227 Vale.

753 2301 838 2354 Ad
865 2303 1074 2357 sontem
1101 2302 1308 2373 Sorgiae
1336 2303 1403 2357 V.
1438 2302 1562 2358 Kal.
1593 2304 1792 2358 Martii.

1405 2485 1561 2492 *-

1249 2689 1607 2756 EPISTOLA
1645 2694 1708 2755 Il.

848 2883 1235 2934 FRANCISCUS
1277 2884 1613 2933 PETRARGA
1659 2884 1743 2933 An
1784 2884 2088 2932 IGNOTUM.
2147 2922 2159 2936 .

527 3061 765 3116 Facilem
793 3060 1026 3133 sapienti
1052 3061 1324 3115 iacturam
1349 3077 1472 3116 esse
1503 3060 1813 3133 sepulchri3
1845 3058 2133 3129 variosque
2163 3057 2436 3142 veteribus

1139 3156 1309 3211 fuisse
1338 3158 1638 3228 sepeliendi
1665 3158 1824 3212 rituS.

600 3379 912 3450 Amicum
950 3379 1212 3452 bonum
1251 3381 1545 3475 periisse
1587 3381 1737 3466 tibi,
1783 3380 2023 3452 doleo:
2071 3378 2198 3448 sed
2234 3379 2456 3467 magis
2493 3377 2563 3446 in

407 3511 471 3570 te
514 3511 773 3571 rectum
815 3500 1110 3594 periisse
1149 3503 1511 3586 iudicium,
1556 3502 1900 3592 indignor.
1943 3501 2180 3589 Neque
2221 3497 2410 3566 enim
2445 3508 2565 3566 aut

405 3631 469 3690 te
501 3621 652 3714 ipse
695 3622 865 3694 satis
891 3622 1206 3709 viriliter,
1235 3646 1325 3695 ne
1351 3623 1578 3693 dicam
1612 3619 2113 3712 philosophice,
2157 3615 2557 3700 consolaris

402 3754 520 3813 aut
551 3743 740 3814 illum
776 3767 917 3837 qua
948 3745 1223 3816 flendus
1259 3756 1373 3816 est
1404 3744 1651 3826 defles,
1693 3741 1753 3812 si
1790 3739 1996 3810 modo
2030 3736 2400 3830 quisquam
2430 3736 2563 3807 viri

401 3863 597 3934 fortis
629 3864 861 3946 exitus
896 3889 1035 3937 non
1068 3865 1457 3938 invidiosus
1494 3863 1724 3958 potius
1760 3883 1970 3954 quam
2004 3856 2420 3929 miserabilis
2458 3857 2565 3930 vi·-

399 3984 550 4054 deri
583 3996 832 4079 potest.
860 3989 1034 4059 Nam
1067 3988 1176 4082 (ut
1200 3988 1514 4083 epistolae
1537 3998 1680 4059 tuae
1709 4005 1995 4057 sensum
2022 3979 2329 4052 breviter
2356 3980 2565 4064 strin-

401 4107 588 4201 gam)
628 4132 768 4181 non
798 4121 936 4181 tam
964 4108 1136 4178 mihi
1160 4109 1424 4181 videris
1451 4121 1574 4182 aut
1597 4109 1929 4181 damnum
1956 4115 2177 4188 tuum,
2208 4112 2329 4175 aut
2360 4103 2563 4174 amici

402 4248 773 4322 parumper
807 4230 1200 4302 festinatam
1242 4242 1532 4305 mortem
1583 4229 1730 4325 (ubi
1768 4248 2051 4320 parcere
2095 4246 2374 4316 possem
2411 4224 2566 4294 vul-
