3104 4805
620 367 746 415 xxll
1436 363 1961 412 PROLEGOHENON.

617 508 749 574 duS‚
772 507 856 560 vel
876 507 1088 573 te1·tiuS‚
1118 505 1259 559 libro
1287 504 1617 575 respondeat
1642 504 1867 574 integrae
1894 504 2227 559 collectionis
2254 505 2598 578 duodecime,
2621 510 2762 563 deci-

508 640 513 645 .
617 596 899 663 moterti0,
929 595 1369 665 decimoquarto,
1399 601 1454 647 et
1480 594 1560 647 sic
1586 593 1860 664 deinceps.

756 684 940 748 Quum
967 689 1152 736 autem
1180 681 1418 736 indicem
1444 681 1646 734 harum
1672 680 2031 751 epistolarum
2068 682 2368 751 vulgaverit
2402 701 2623 755 quoque
2649 685 2760 739 An-

614 772 798 826 tonius
841 771 1233 842 Meneghellius
1276 787 1420 824 anno
1464 770 1606 824 1818
1652 758 1824 824 initia'
1851 777 2066 824 tantum
2111 789 2302 826 earum
2348 774 2619 843 reserens,
2658 792 2759 829 nec

612 861 915 933 quidquam
944 861 1011 915 de
1037 861 1388 932 inscriptione
1416 877 1514 915 seu
1540 860 1732 914 ordine
1761 876 1952 914 earum
1980 861 2245 929 innuenS,
2273 879 2557 934 quumque
2585 865 2758 918 multa

611 950 721 1003 sint
764 951 907 1004 inter
947 950 1042 1004 illa
1076 950 1304 1004 initialia
1338 949 1534 1018 verba,
1577 966 1701 1020 quae
1737 950 1820 1003 vel
1857 966 2085 1004 erronee
2113 957 2362 1022 sumpta,
2397 953 2483 1006 vel
2517 954 2587 1007 ad
2622 954 2757 1008 alias

610 1039 884 1094 Francisci
910 1040 1180 1094 Petrarcae
1205 1040 1529 1111 scriptiones
1548 1039 1618 1094 ab
1637 1039 1881 1111 epistolis
1901 1039 2124 1099 omnino
2144 1040 2386 1095 diversas
2404 1042 2753 1112 pertinentia,

610 1132 889 1186 curiosum
914 1132 1175 1186 lectorem
1201 1131 1389 1184 fallere
1417 1136 1672 1201 possent,
1703 1135 1756 1183 et
1783 1146 1913 1183 eum
1939 1128 2123 1184 forsan
2158 1130 2216 1184 in
2251 1130 2565 1201 opinionem
2597 1130 2755 1185 indu-

609 1237 730 1274 cere
758 1221 907 1292 quod
933 1220 1091 1274 nobis
1118 1220 1371 1291 plurimae
1396 1220 1638 1291 epistolae
1668 1219 1724 1273 in
1762 1219 1927 1273 huius
1962 1219 2157 1274 indicis
2191 1219 2581 1291 compositione
2615 1220 2755 1274 exci-

609 1311 819 1378 derint;
848 1327 1132 1382 quumque
1159 1310 1291 1364 item
1318 1309 1374 1363 in
1404 1310 1582 1364 indice
1608 1309 2041 1379 Meneghelliano
2067 1310 2244 1364 multa
2276 1310 2458 1364 desint
2494 1326 2752 1380 germana

606 1400 962 1470 epistolarum
995 1397 1233 1452 auctoris
1269 1398 1441 1452 nostri
1478 1398 1663 1465 initia,
1694 1414 1873 1470 operae
1910 1399 2149 1469 pretium
2187 1399 2616 1454 existimavimus
2654 1399 2755 1453 du-

605 1488 803 1559 plicem
847 1488 1012 1542 etiam
1054 1486 1359 1542 indiculum
1406 1485 1760 1554 subnectere,
1807 1486 2043 1540 alterum
2081 1503 2273 1541 earum
2311 1505 2435 1559 quae
2469 1487 2538 1542 ab
2573 1487 2750 1542 indice

605 1578 949 1648 Meneghellii
974 1578 1213 1649 expungi
1239 1577 1468 1644 debent,
1498 1577 1735 1632 alterum
1763 1576 2120 1649 epistolarum
2155 1594 2278 1648 quae
2315 1578 2372 1634 in
2410 1577 2504 1634 illo
2543 1578 2750 1633 deside-

604 1674 814 1723 rantur.
