3104 4805
592 366 671 426 24
1105 376 1434 425 ramelsci
1478 376 1828 425 PETRARCAE
1872 376 2220 426 PRAEFATIO.

593 524 855 596 Phidiae
906 523 1285 595 Minervam
1341 522 1441 616 (ut
1503 524 1601 594 ait
1662 521 1918 615 Cicero)
1975 523 2099 593 sed
2162 523 2732 616 qualemcumque

594 648 803 720 animi
853 647 984 717 mei
1032 645 1356 738 effigiem,
1410 658 1618 739 atque
1667 646 1921 738 ingenii
1974 645 2466 717 simulachrum
2518 648 2731 717 multo

594 769 760 841 mihi
802 768 1030 841 studio
1068 769 1489 853 dedolatum,
1546 768 1606 839 si
1657 791 1963 861 unquam
2005 789 2397 861 supremam
2450 766 2544 836 illi
2583 788 2731 837 ma·-

594 915 757 963 num
799 890 1218 983 imposuero,
1261 911 1418 962 cum
1462 890 1554 960 ad
1596 899 1661 959 te
1701 889 1987 973 venerit,
2035 910 2279 960 secura
2317 888 2621 981 qualibet
2657 887 2727 958 in

592 1036 747 1086 arce
778 1012 1188 1085 constituito.
1219 1013 1385 1083 Haec
1408 1012 1984 1084 hactenuS.Aliud
2015 1011 2357 1097 libentius,
2389 1013 2448 1083 si
2477 1013 2722 1097 liceret,

593 1137 860 1210 silentio
900 1148 1242 1228 tegerem:
1288 1135 1412 1206 sed
1450 1135 1695 1226 ingens
1736 1135 2019 1206 morbus
2071 1158 2207 1207 non
2256 1136 2453 1207 facile
2500 1138 2763 1213 occul-„

593 1273 816 1333 tatur:
856 1257 1152 1350 erumpit
1181 1257 1388 1341 enim,
1424 1267 1495 1327 et
1527 1256 1767 1328 inditio
1806 1281 1933 1329 suo
1964 1258 2291 1351 proditur.
2318 1258 2538 1330 Pudet
2561 1258 2725 1330 vitae

593 1385 661 1456 in
725 1382 1071 1454 mollitiem
1138 1380 1443 1473 dilapsae.
1509 1383 1685 1454 Ecce
1748 1383 1929 1454 enim
2013 1381 2220 1476 (quod
2283 1382 2725 1475 epistolarum

591 1508 761 1580 ordo
800 1506 947 1600 ipse
985 1504 1369 1599 testabitur)
1414 1505 1636 1599 primo
1685 1505 1852 1576 mihi
1904 1516 2207 1599 tempore
2259 1526 2482 1576 sermo
2529 1505 2724 1576 fortis

592 1651 672 1699 ac
705 1627 978 1699 sobrius
1018 1627 1193 1699 bene
1231 1627 1523 1700 valentis
1567 1628 1772 1698 animi
1816 1631 2078 1711 suerat3
2116 1629 2286 1700 adeo
2324 1638 2401 1698 ut
2438 1649 2576 1698 non
2615 1650 2727 1699 me

595 1754 845 1836 solum,
901 1751 1024 1822 sed
1075 1771 1257 1844 saepe
1308 1749 1477 1820 alios
1543 1751 1981 1821 consolarer:
2050 1750 2405 1844 sequentia
2455 1750 2526 1820 in
2573 1750 2723 1822 dies

593 1874 939 1966 fragiliora
991 1886 1195 1967 atque
1253 1872 1620 1943 humiliora
1686 1883 1871 1957 sunt,
1941 1895 2162 1967 neque
2228 1885 2336 1945 sat
2414 1873 2727 1947 virilibus

594 2000 836 2069 referta
876 1996 1342 2090 querimoniis.
1387 1997 1507 2067 Illa
1545 1997 1891 2090 praecipue
1941 2008 2017 2068 ut
2065 2000 2409 2069 occultare
2449 1998 2728 2070 studeas

593 2142 849 2213 precor.
919 2118 1099 2204 Quid
1162 2120 1341 2189 enim
1409 2119 1522 2190 alii
1589 2120 1926 2207 dicerent,
1989 2144 2144 2192 cum
2205 2120 2353 2213 ipse
2416 2123 2727 2211 relegens

591 2244 997 2315 erubescam
1023 2245 1057 2311 ἰ)
1120 2243 1306 2333 Ergo
1353 2266 1484 2334 ego
1535 2244 1605 2313 in
1673 2244 2131 2317 adolescentia
2194 2243 2302 2315 vir
2352 2243 2478 2327 fui,
2533 2253 2609 2312 ut
2657 2242 2726 2310 in

595 2377 939 2440 senectute
978 2388 1148 2460 puer
1185 2369 1456 2439 essem?
1491 2366 1735 2439 Infelix
1772 2378 1843 2439 et
1878 2367 2269 2440 execranda
2306 2364 2727 2460 perversitas

591 2489 719 2559 suit
751 2488 959 2560 animi
995 2492 1102 2561 vel
1138 2501 1405 2562 mutare
1437 2491 1778 2577 ordinem,
1823 2494 1935 2563 vel
1962 2490 2365 2563 subtrahere
2392 2489 2512 2560 tibi
2538 2488 2731 2583 peni-

595 2623 705 2682 tus
745 2611 879 2683 ista
930 2635 1090 2707 quae
1137 2615 1411 2686 damno.
1454 2615 1712 2685 Neutro
1760 2615 2242 2686 circumveniri
2282 2637 2489 2707 posse
2529 2614 2727 2685 visus

591 2757 794 2819 eras;
845 2737 965 2830 qui
1011 2751 1081 2810 et
1130 2738 1453 2809 flebilium
1504 2738 1847 2827 exempla,
1901 2747 1970 2805 et
2009 2736 2314 2807 omnium
2363 2756 2518 2803 cum
2562 2754 2728 2802 con-

596 2862 743 2930 sule
783 2860 964 2932 diem
1007 2872 1217 2932 tenes,
1261 2858 1370 2929 Ad
1416 2855 1941 2927 excusationum
1991 2854 2201 2945 igitur
2248 2874 2440 2924 arma
2487 2854 2728 2923 confu—

594 2983 725 3073 gio.
779 2982 1069 3053 Lassavi
1122 3002 1230 3050 me
1279 2981 1482 3067 longo
1530 2986 1599 3048 et
1648 2975 1846 3067 gravi
1898 2976 2151 3068 praelio.
2203 2977 2377 3044 Dum
2440 2973 2723 3066 spiritus

594 3105 897 3195 dumque
963 3101 1234 3170 animus
1283 3098 1433 3182 fuit,
1487 3098 1637 3191 ipse
1699 3097 1945 3181 restiti,
2005 3109 2075 3169 et
2123 3098 2212 3170 ad
2262 3096 2725 3168 resistendum

592 3221 762 3291 alios
803 3219 1200 3289 cohortatus
1243 3239 1419 3288 sum.
1464 3217 1594 3290 Ubi
1633 3218 1854 3291 hostis
1896 3218 2164 3291 viribus
2215 3229 2421 3310 atque
2470 3218 2727 3310 impetu

593 3338 823 3412 labare
862 3337 1028 3408 mihi
1070 3360 1192 3432 pes
1235 3350 1441 3431 atque
1482 3340 1754 3411 animus
1794 3342 2023 3435 caepit,
2066 3340 2326 3413 excidit
2372 3339 2727 3411 confestim

596 3482 822 3533 sermo
858 3460 971 3532 ille
1008 3459 1415 3551 magnificus
1447 3486 1462 3544 3
1501 3472 1573 3533 et
1611 3463 1701 3534 ad
1739 3462 1890 3535 haec
1928 3483 2087 3556 quae
2125 3462 2331 3534 modo
2370 3460 2733 3553 displicent

511 3638 523 3648 .
595 3588 887 3658 lamenta
926 3584 1279 3656 descendi·
1322 3586 1476 3669 Qua
1523 3585 1596 3656 in
1636 3608 1710 3657 re
1745 3597 2037 3658 excuset
2077 3608 2185 3657 me
2233 3583 2519 3657 forsitan
2560 3582 2734 3653 ami-

596 3734 833 3782 corum
873 3708 1110 3803 pietaS,
1142 3708 1396 3801 quibus
1439 3709 1675 3794 salvis,
1714 3711 1806 3781 ad
1843 3710 2105 3780 nullum
2146 3710 2437 3780 sortunae
2476 3708 2730 3777 vulnus

600 3832 942 3921 ingemui:
983 3831 1244 3903 eisdem
1287 3854 1453 3903 mox
1501 3855 1641 3904 una
1690 3854 1863 3925 pene
1912 3832 2233 3903 omnibus
2275 3831 2475 3901 ruina
2523 3828 2731 3899 obru-

601 3950 716 4034 tis,
755 3960 824 4020 et
862 3953 1117 4025 mundo
1157 3953 1436 4048 insuper
1469 3955 1827 4039 moriente,
1865 3953 2220 4026 inhumani
2259 3953 2485 4047 potius
2518 3969 2728 4041 quam

601 4071 792 4143 sortis
833 4071 1062 4144 visum
1103 4088 1211 4148 est
1249 4097 1385 4147 non
1429 4076 1712 4148 moveri.
1751 4075 1927 4149 Ante
1960 4078 2090 4150 hoc
2123 4088 2393 4168 tempus
2428 4072 2584 4164 quis
2619 4093 2730 4142 me

606 4215 905 4286 unquam
949 4198 1034 4268 de
1074 4198 1309 4281 exilio,
1355 4199 1440 4270 de
1483 4199 1745 4282 morbo,
1800 4201 1886 4271 de
1937 4200 2214 4282 iudicio,
2270 4199 2356 4269 de
2406 4193 2725 4279 comitiiS,
