<?xml version="1.0" encoding="UTF-8"?>
<!DOCTYPE html PUBLIC "-//W3C//DTD XHTML 1.0 Transitional//EN"
    "http://www.w3.org/TR/xhtml1/DTD/xhtml1-transitional.dtd">
<html xmlns="http://www.w3.org/1999/xhtml" xml:lang="en" lang="en">
 <head>
  <title>
</title>
<meta http-equiv="Content-Type" content="text/html;charset=utf-8" />
  <meta name='ocr-system' content='tesseract 3.04.00' />
  <meta name='ocr-capabilities' content='ocr_page ocr_carea ocr_par ocr_line ocrx_word'/>
</head>
<body>
  <div class='ocr_page' id='page_1' title='image "./epistolaederebu00unkngoog_0507.png"; bbox 0 0 3104 4805; ppageno 0'>
   <div class='ocr_carea' id='block_1_1' title="bbox 937 368 2523 431">
    <p class='ocr_par' dir='ltr' id='par_1_1' title="bbox 937 368 2523 431">
     <span class='ocr_line' id='line_1_1' title="bbox 937 368 2523 431; baseline 0 -4"><span class='ocrx_word' id='word_1_1' title='bbox 937 381 1117 429; x_wconf 73' lang='lat' dir='ltr'>unsa</span> <span class='ocrx_word' id='word_1_2' title='bbox 1161 380 1846 429; x_wconf 56' lang='lat' dir='ltr'>sumus—Erimon</span> <span class='ocrx_word' id='word_1_3' title='bbox 1887 382 1965 431; x_wconf 80' lang='lat' dir='ltr'>iv.</span> <span class='ocrx_word' id='word_1_4' title='bbox 2408 368 2523 428; x_wconf 77' lang='lat'>3:39</span> 
     </span>
    </p>
   </div>
   <div class='ocr_carea' id='block_1_2' title="bbox 375 522 2530 1603">
    <p class='ocr_par' dir='ltr' id='par_1_2' title="bbox 375 522 2530 1603">
     <span class='ocr_line' id='line_1_2' title="bbox 382 522 2525 616; baseline -0.001 -20"><span class='ocrx_word' id='word_1_5' title='bbox 382 534 456 597; x_wconf 93' lang='lat' dir='ltr'>ut</span> <span class='ocrx_word' id='word_1_6' title='bbox 493 523 688 595; x_wconf 86' lang='lat' dir='ltr'>alteri</span> <span class='ocrx_word' id='word_1_7' title='bbox 723 522 1078 595; x_wconf 86' lang='lat' dir='ltr'>victoriam</span> <span class='ocrx_word' id='word_1_8' title='bbox 1125 542 1425 616; x_wconf 83' lang='lat' dir='ltr'>quaeras.</span> <span class='ocrx_word' id='word_1_9' title='bbox 1479 523 1647 595; x_wconf 86' lang='lat' dir='ltr'>Tam</span> <span class='ocrx_word' id='word_1_10' title='bbox 1686 522 1936 594; x_wconf 83' lang='lat' dir='ltr'>efficax</span> <span class='ocrx_word' id='word_1_11' title='bbox 1994 535 2225 594; x_wconf 86' lang='lat' dir='ltr'>tamen</span> <span class='ocrx_word' id='word_1_12' title='bbox 2284 544 2525 594; x_wconf 85' lang='lat' dir='ltr'>exem-</span> 
     </span>
     <span class='ocr_line' id='line_1_3' title="bbox 375 644 2525 744; baseline -0.001 -24"><span class='ocrx_word' id='word_1_13' title='bbox 375 651 565 744; x_wconf 93' lang='lat' dir='ltr'>plum</span> <span class='ocrx_word' id='word_1_14' title='bbox 606 646 736 717; x_wconf 91' lang='lat' dir='ltr'>fuit</span> <span class='ocrx_word' id='word_1_15' title='bbox 766 655 838 717; x_wconf 92' lang='lat' dir='ltr'>et</span> <span class='ocrx_word' id='word_1_16' title='bbox 870 654 1010 718; x_wconf 89' lang='lat' dir='ltr'>tam</span> <span class='ocrx_word' id='word_1_17' title='bbox 1051 644 1391 729; x_wconf 89' lang='lat' dir='ltr'>validum,</span> <span class='ocrx_word' id='word_1_18' title='bbox 1427 653 1506 716; x_wconf 90' lang='lat' dir='ltr'>ut</span> <span class='ocrx_word' id='word_1_19' title='bbox 1539 644 1722 716; x_wconf 89' lang='lat' dir='ltr'>bello</span> <span class='ocrx_word' id='word_1_20' title='bbox 1754 644 2126 716; x_wconf 90' lang='lat' dir='ltr'>Samnitico</span> <span class='ocrx_word' id='word_1_21' title='bbox 2151 668 2232 717; x_wconf 91' lang='lat' dir='ltr'>ac</span> <span class='ocrx_word' id='word_1_22' title='bbox 2269 644 2525 718; x_wconf 88' lang='lat' dir='ltr'>Gallico</span> 
     </span>
     <span class='ocr_line' id='line_1_4' title="bbox 375 767 2527 865; baseline -0.002 -25"><span class='ocrx_word' id='word_1_23' title='bbox 375 769 557 841; x_wconf 84' lang='lat' dir='ltr'>filius</span> <span class='ocrx_word' id='word_1_24' title='bbox 581 769 849 853; x_wconf 86' lang='lat' dir='ltr'>Decius,</span> <span class='ocrx_word' id='word_1_25' title='bbox 886 779 957 840; x_wconf 91' lang='lat' dir='ltr'>et</span> <span class='ocrx_word' id='word_1_26' title='bbox 988 768 1138 865; x_wconf 91' lang='lat' dir='ltr'>ipse</span> <span class='ocrx_word' id='word_1_27' title='bbox 1174 769 1437 851; x_wconf 91' lang='lat' dir='ltr'>consul,</span> <span class='ocrx_word' id='word_1_28' title='bbox 1469 767 1684 860; x_wconf 86' lang='lat' dir='ltr'>patris</span> <span class='ocrx_word' id='word_1_29' title='bbox 1710 768 2010 839; x_wconf 90' lang='lat' dir='ltr'>imitator</span> <span class='ocrx_word' id='word_1_30' title='bbox 2048 768 2410 852; x_wconf 81' lang='lat' dir='ltr'>existeret,</span> <span class='ocrx_word' id='word_1_31' title='bbox 2455 776 2527 838; x_wconf 91' lang='lat' dir='ltr'>et</span> 
     </span>
     <span class='ocr_line' id='line_1_5' title="bbox 375 891 2523 984; baseline -0.001 -21"><span class='ocrx_word' id='word_1_32' title='bbox 375 892 655 965; x_wconf 88' lang='lat' dir='ltr'>nomine</span> <span class='ocrx_word' id='word_1_33' title='bbox 688 900 949 984; x_wconf 86' lang='lat' dir='ltr'>patrem</span> <span class='ocrx_word' id='word_1_34' title='bbox 989 912 1248 964; x_wconf 90' lang='lat' dir='ltr'>vocans</span> <span class='ocrx_word' id='word_1_35' title='bbox 1303 912 1593 963; x_wconf 87' lang='lat' dir='ltr'>securus</span> <span class='ocrx_word' id='word_1_36' title='bbox 1646 891 1776 963; x_wconf 90' lang='lat' dir='ltr'>iret</span> <span class='ocrx_word' id='word_1_37' title='bbox 1816 891 1906 963; x_wconf 88' lang='lat' dir='ltr'>ad</span> <span class='ocrx_word' id='word_1_38' title='bbox 1940 901 2258 974; x_wconf 90' lang='lat' dir='ltr'>mortem,</span> <span class='ocrx_word' id='word_1_39' title='bbox 2313 912 2523 981; x_wconf 84' lang='lat' dir='ltr'>quam</span> 
     </span>
     <span class='ocr_line' id='line_1_6' title="bbox 376 1014 2525 1110; baseline -0.002 -22"><span class='ocrx_word' id='word_1_40' title='bbox 376 1039 499 1110; x_wconf 90' lang='lat' dir='ltr'>pro</span> <span class='ocrx_word' id='word_1_41' title='bbox 541 1019 765 1088; x_wconf 89' lang='lat' dir='ltr'>salute</span> <span class='ocrx_word' id='word_1_42' title='bbox 808 1037 1093 1087; x_wconf 90' lang='lat' dir='ltr'>suorum</span> <span class='ocrx_word' id='word_1_43' title='bbox 1127 1014 1382 1088; x_wconf 89' lang='lat' dir='ltr'>civium</span> <span class='ocrx_word' id='word_1_44' title='bbox 1417 1025 1876 1101; x_wconf 80' lang='lat' dir='ltr'>contemnere,</span> <span class='ocrx_word' id='word_1_45' title='bbox 1916 1015 2032 1087; x_wconf 91' lang='lat' dir='ltr'>illo</span> <span class='ocrx_word' id='word_1_46' title='bbox 2075 1024 2375 1100; x_wconf 90' lang='lat' dir='ltr'>auctore,</span> <span class='ocrx_word' id='word_1_47' title='bbox 2420 1015 2525 1085; x_wconf 91' lang='lat' dir='ltr'>di-</span> 
     </span>
     <span class='ocr_line' id='line_1_7' title="bbox 375 1137 2530 1235; baseline -0.002 -23"><span class='ocrx_word' id='word_1_48' title='bbox 375 1140 659 1212; x_wconf 88' lang='lat' dir='ltr'>dicerat.</span> <span class='ocrx_word' id='word_1_49' title='bbox 701 1137 892 1222; x_wconf 92' lang='lat' dir='ltr'>Quos</span> <span class='ocrx_word' id='word_1_50' title='bbox 933 1138 1113 1211; x_wconf 89' lang='lat' dir='ltr'>bello</span> <span class='ocrx_word' id='word_1_51' title='bbox 1138 1140 1507 1211; x_wconf 88' lang='lat' dir='ltr'>Tarentino</span> <span class='ocrx_word' id='word_1_52' title='bbox 1538 1139 1885 1211; x_wconf 89' lang='lat' dir='ltr'>adversus</span> <span class='ocrx_word' id='word_1_53' title='bbox 1924 1140 2268 1235; x_wconf 80' lang='lat' dir='ltr'>Pyrrhum</span> <span class='ocrx_word' id='word_1_54' title='bbox 2304 1137 2530 1209; x_wconf 85' lang='lat' dir='ltr'>imita-</span> 
     </span>
     <span class='ocr_line' id='line_1_8' title="bbox 377 1260 2528 1355; baseline -0.001 -22"><span class='ocrx_word' id='word_1_55' title='bbox 377 1272 489 1333; x_wconf 89' lang='lat' dir='ltr'>tus</span> <span class='ocrx_word' id='word_1_56' title='bbox 521 1284 765 1355; x_wconf 65' lang='grc' dir='ltr'><strong>ηεροδ,</strong></span> <span class='ocrx_word' id='word_1_57' title='bbox 812 1263 1012 1334; x_wconf 88' lang='lat' dir='ltr'>tertia</span> <span class='ocrx_word' id='word_1_58' title='bbox 1052 1262 1328 1334; x_wconf 85' lang='lat' dir='ltr'>tandem</span> <span class='ocrx_word' id='word_1_59' title='bbox 1354 1282 1495 1334; x_wconf 91' lang='lat' dir='ltr'>uno</span> <span class='ocrx_word' id='word_1_60' title='bbox 1517 1261 1609 1334; x_wconf 90' lang='lat' dir='ltr'>de</span> <span class='ocrx_word' id='word_1_61' title='bbox 1642 1284 1858 1354; x_wconf 89' lang='lat' dir='ltr'>grege</span> <span class='ocrx_word' id='word_1_62' title='bbox 1883 1260 2183 1346; x_wconf 88' lang='lat' dir='ltr'>victima,</span> <span class='ocrx_word' id='word_1_63' title='bbox 2228 1260 2361 1334; x_wconf 90' lang='lat' dir='ltr'>etsi</span> <span class='ocrx_word' id='word_1_64' title='bbox 2389 1282 2528 1332; x_wconf 92' lang='lat' dir='ltr'>non</span> 
     </span>
     <span class='ocr_line' id='line_1_9' title="bbox 375 1384 2528 1479; baseline -0.002 -21"><span class='ocrx_word' id='word_1_65' title='bbox 375 1386 619 1458; x_wconf 89' lang='lat' dir='ltr'>eodem</span> <span class='ocrx_word' id='word_1_66' title='bbox 661 1386 1027 1458; x_wconf 88' lang='lat' dir='ltr'>infularum</span> <span class='ocrx_word' id='word_1_67' title='bbox 1072 1384 1349 1471; x_wconf 86' lang='lat' dir='ltr'>habitu,</span> <span class='ocrx_word' id='word_1_68' title='bbox 1404 1386 1554 1479; x_wconf 89' lang='lat' dir='ltr'>pari</span> <span class='ocrx_word' id='word_1_69' title='bbox 1593 1396 1823 1456; x_wconf 90' lang='lat' dir='ltr'>tamen</span> <span class='ocrx_word' id='word_1_70' title='bbox 1863 1384 2073 1456; x_wconf 90' lang='lat' dir='ltr'>animi</span> <span class='ocrx_word' id='word_1_71' title='bbox 2113 1384 2371 1456; x_wconf 83' lang='lat' dir='ltr'>virtute</span> <span class='ocrx_word' id='word_1_72' title='bbox 2409 1405 2528 1454; x_wconf 88' lang='lat' dir='ltr'>ea-</span> 
     </span>
     <span class='ocr_line' id='line_1_10' title="bbox 376 1508 2525 1603; baseline -0.001 -22"><span class='ocrx_word' id='word_1_73' title='bbox 376 1509 676 1602; x_wconf 86' lang='lat' dir='ltr'>demque</span> <span class='ocrx_word' id='word_1_74' title='bbox 728 1508 1118 1603; x_wconf 82' lang='lat' dir='ltr'>reipublicae</span> <span class='ocrx_word' id='word_1_75' title='bbox 1168 1508 1421 1603; x_wconf 89' lang='lat' dir='ltr'>pietate</span> <span class='ocrx_word' id='word_1_76' title='bbox 1470 1508 1853 1603; x_wconf 83' lang='lat' dir='ltr'>procubuit.</span> <span class='ocrx_word' id='word_1_77' title='bbox 1915 1509 2283 1603; x_wconf 85' lang='lat' dir='ltr'>Nunquam</span> <span class='ocrx_word' id='word_1_78' title='bbox 2376 1508 2525 1581; x_wconf 91' lang='lat' dir='ltr'>talis</span> 
     </span>
    </p>
   </div>
   <div class='ocr_carea' id='block_1_3' title="bbox 261 1630 2529 1729">
    <p class='ocr_par' dir='ltr' id='par_1_3' title="bbox 261 1630 2529 1729">
     <span class='ocr_line' id='line_1_11' title="bbox 261 1630 2529 1729; baseline 0.002 -31"><span class='ocrx_word' id='word_1_79' title='bbox 261 1693 266 1697; x_wconf 79' lang='grc'><em>.</em></span> <span class='ocrx_word' id='word_1_80' title='bbox 375 1630 485 1700; x_wconf 87' lang='lat' dir='ltr'>vir</span> <span class='ocrx_word' id='word_1_81' title='bbox 526 1631 1021 1704; x_wconf 89' lang='lat' dir='ltr'>Themistocles</span> <span class='ocrx_word' id='word_1_82' title='bbox 1075 1632 1289 1717; x_wconf 84' lang='lat' dir='ltr'>fieret,</span> <span class='ocrx_word' id='word_1_83' title='bbox 1344 1632 1480 1703; x_wconf 91' lang='lat' dir='ltr'>nisi</span> <span class='ocrx_word' id='word_1_84' title='bbox 1531 1632 1855 1705; x_wconf 78' lang='lat' dir='ltr'>Miltiadis</span> <span class='ocrx_word' id='word_1_85' title='bbox 1905 1634 2246 1729; x_wconf 85' lang='lat' dir='ltr'>exemplis</span> <span class='ocrx_word' id='word_1_86' title='bbox 2282 1655 2529 1706; x_wconf 87' lang='lat' dir='ltr'>accen-</span> 
     </span>
    </p>
   </div>
   <div class='ocr_carea' id='block_1_4' title="bbox 377 1751 2527 2217">
    <p class='ocr_par' dir='ltr' id='par_1_4' title="bbox 377 1751 2527 2217">
     <span class='ocr_line' id='line_1_12' title="bbox 381 1751 2527 1850; baseline 0.001 -28"><span class='ocrx_word' id='word_1_87' title='bbox 381 1774 535 1837; x_wconf 81' lang='lat' dir='ltr'>suS,</span> <span class='ocrx_word' id='word_1_88' title='bbox 565 1751 715 1823; x_wconf 89' lang='lat' dir='ltr'>fieri</span> <span class='ocrx_word' id='word_1_89' title='bbox 741 1755 837 1825; x_wconf 91' lang='lat' dir='ltr'>illi</span> <span class='ocrx_word' id='word_1_90' title='bbox 862 1778 1095 1850; x_wconf 90' lang='lat' dir='ltr'>parem</span> <span class='ocrx_word' id='word_1_91' title='bbox 1127 1756 1195 1824; x_wconf 93' lang='lat' dir='ltr'>in</span> <span class='ocrx_word' id='word_1_92' title='bbox 1223 1755 1524 1843; x_wconf 85' lang='lat' dir='ltr'>animum</span> <span class='ocrx_word' id='word_1_93' title='bbox 1561 1754 1977 1827; x_wconf 82' lang='lat' dir='ltr'>induxisset.</span> <span class='ocrx_word' id='word_1_94' title='bbox 2013 1756 2379 1849; x_wconf 84' lang='lat' dir='ltr'>Nunquam</span> <span class='ocrx_word' id='word_1_95' title='bbox 2416 1757 2527 1826; x_wconf 91' lang='lat' dir='ltr'>Iu-</span> 
     </span>
     <span class='ocr_line' id='line_1_13' title="bbox 379 1875 2527 1969; baseline 0.001 -26"><span class='ocrx_word' id='word_1_96' title='bbox 379 1875 514 1947; x_wconf 91' lang='lat' dir='ltr'>lius</span> <span class='ocrx_word' id='word_1_97' title='bbox 556 1876 795 1947; x_wconf 85' lang='lat' dir='ltr'>Caesar</span> <span class='ocrx_word' id='word_1_98' title='bbox 833 1876 900 1946; x_wconf 93' lang='lat' dir='ltr'>in</span> <span class='ocrx_word' id='word_1_99' title='bbox 943 1878 1108 1948; x_wconf 88' lang='lat' dir='ltr'>illud</span> <span class='ocrx_word' id='word_1_100' title='bbox 1143 1879 1383 1969; x_wconf 80' lang='lat' dir='ltr'>gloriae</span> <span class='ocrx_word' id='word_1_101' title='bbox 1423 1880 1694 1949; x_wconf 92' lang='lat' dir='ltr'>culmen</span> <span class='ocrx_word' id='word_1_102' title='bbox 1718 1878 2185 1963; x_wconf 83' lang='lat' dir='ltr'>ascendisset,</span> <span class='ocrx_word' id='word_1_103' title='bbox 2230 1876 2365 1949; x_wconf 89' lang='lat' dir='ltr'>nisi</span> <span class='ocrx_word' id='word_1_104' title='bbox 2402 1877 2527 1947; x_wconf 91' lang='lat' dir='ltr'>mi-</span> 
     </span>
     <span class='ocr_line' id='line_1_14' title="bbox 380 1997 2525 2092; baseline 0 -25"><span class='ocrx_word' id='word_1_105' title='bbox 380 1998 518 2068; x_wconf 92' lang='lat' dir='ltr'>rari</span> <span class='ocrx_word' id='word_1_106' title='bbox 550 2007 620 2069; x_wconf 90' lang='lat' dir='ltr'>et</span> <span class='ocrx_word' id='word_1_107' title='bbox 658 1997 904 2069; x_wconf 88' lang='lat' dir='ltr'>imitari</span> <span class='ocrx_word' id='word_1_108' title='bbox 947 1999 1239 2070; x_wconf 90' lang='lat' dir='ltr'>Marium</span> <span class='ocrx_word' id='word_1_109' title='bbox 1291 1998 1383 2070; x_wconf 84' lang='lat' dir='ltr'>ab</span> <span class='ocrx_word' id='word_1_110' title='bbox 1432 2000 1896 2072; x_wconf 87' lang='lat' dir='ltr'>adolescentia</span> <span class='ocrx_word' id='word_1_111' title='bbox 1930 2000 2318 2082; x_wconf 87' lang='lat' dir='ltr'>didicisset;</span> <span class='ocrx_word' id='word_1_112' title='bbox 2361 1998 2525 2092; x_wconf 90' lang='lat' dir='ltr'>quin</span> 
     </span>
     <span class='ocr_line' id='line_1_15' title="bbox 377 2120 2527 2217; baseline 0 -24"><span class='ocrx_word' id='word_1_113' title='bbox 377 2131 447 2193; x_wconf 93' lang='lat' dir='ltr'>et</span> <span class='ocrx_word' id='word_1_114' title='bbox 480 2120 860 2193; x_wconf 80' lang='lat' dir='ltr'>Alexandri</span> <span class='ocrx_word' id='word_1_115' title='bbox 894 2122 1146 2216; x_wconf 85' lang='lat' dir='ltr'>profuit</span> <span class='ocrx_word' id='word_1_116' title='bbox 1183 2123 1412 2214; x_wconf 83' lang='lat' dir='ltr'>imago</span> <span class='ocrx_word' id='word_1_117' title='bbox 1451 2122 1521 2193; x_wconf 92' lang='lat' dir='ltr'>in</span> <span class='ocrx_word' id='word_1_118' title='bbox 1559 2126 1816 2217; x_wconf 91' lang='lat' dir='ltr'>templo</span> <span class='ocrx_word' id='word_1_119' title='bbox 1866 2122 2181 2197; x_wconf 90' lang='lat' dir='ltr'>Herculis</span> <span class='ocrx_word' id='word_1_120' title='bbox 2219 2120 2527 2195; x_wconf 89' lang='lat' dir='ltr'>Gadibus</span> 
     </span>
    </p>
   </div>
   <div class='ocr_carea' id='block_1_5' title="bbox 269 2246 2530 2343">
    <p class='ocr_par' dir='ltr' id='par_1_5' title="bbox 269 2246 2530 2343">
     <span class='ocr_line' id='line_1_16' title="bbox 269 2246 2530 2343; baseline 0 -26"><span class='ocrx_word' id='word_1_121' title='bbox 269 2340 270 2343; x_wconf 8' lang='grc' dir='ltr'><strong>Ἴ</strong></span> <span class='ocrx_word' id='word_1_122' title='bbox 378 2255 772 2338; x_wconf 86' lang='lat' dir='ltr'>conspecta,</span> <span class='ocrx_word' id='word_1_123' title='bbox 818 2267 956 2338; x_wconf 88' lang='lat' dir='ltr'>qua</span> <span class='ocrx_word' id='word_1_124' title='bbox 996 2268 1163 2318; x_wconf 83' lang='lat' dir='ltr'>mox</span> <span class='ocrx_word' id='word_1_125' title='bbox 1188 2246 1279 2318; x_wconf 89' lang='lat' dir='ltr'>ad</span> <span class='ocrx_word' id='word_1_126' title='bbox 1311 2246 1754 2343; x_wconf 82' lang='lat' dir='ltr'>cupiditatem</span> <span class='ocrx_word' id='word_1_127' title='bbox 1789 2268 2083 2341; x_wconf 89' lang='lat' dir='ltr'>magnas</span> <span class='ocrx_word' id='word_1_128' title='bbox 2125 2269 2239 2318; x_wconf 88' lang='lat' dir='ltr'>res</span> <span class='ocrx_word' id='word_1_129' title='bbox 2273 2248 2530 2340; x_wconf 89' lang='lat' dir='ltr'>agendi</span> 
     </span>
    </p>
   </div>
   <div class='ocr_carea' id='block_1_6' title="bbox 375 2367 2529 4177">
    <p class='ocr_par' dir='ltr' id='par_1_6' title="bbox 375 2367 2529 4177">
     <span class='ocr_line' id='line_1_17' title="bbox 379 2367 2523 2467; baseline -0 -26"><span class='ocrx_word' id='word_1_130' title='bbox 379 2390 518 2441; x_wconf 92' lang='lat' dir='ltr'>non</span> <span class='ocrx_word' id='word_1_131' title='bbox 574 2368 841 2441; x_wconf 85' lang='lat' dir='ltr'>exarsit</span> <span class='ocrx_word' id='word_1_132' title='bbox 882 2367 1101 2454; x_wconf 92' lang='lat' dir='ltr'>modo,</span> <span class='ocrx_word' id='word_1_133' title='bbox 1158 2369 1304 2454; x_wconf 88' lang='lat' dir='ltr'>sed,</span> <span class='ocrx_word' id='word_1_134' title='bbox 1373 2380 1449 2442; x_wconf 90' lang='lat' dir='ltr'>ut</span> <span class='ocrx_word' id='word_1_135' title='bbox 1488 2371 1585 2442; x_wconf 87' lang='lat' dir='ltr'>ait</span> <span class='ocrx_word' id='word_1_136' title='bbox 1634 2371 2101 2467; x_wconf 83' lang='lat' dir='ltr'>TranquilluS,</span> <span class='ocrx_word' id='word_1_137' title='bbox 2170 2368 2523 2463; x_wconf 80' lang='lat' dir='ltr'>ingemuit.</span> 
     </span>
     <span class='ocr_line' id='line_1_18' title="bbox 378 2491 2529 2590; baseline -0.001 -27"><span class='ocrx_word' id='word_1_138' title='bbox 378 2494 689 2565; x_wconf 83' lang='lat' dir='ltr'>Profecto</span> <span class='ocrx_word' id='word_1_139' title='bbox 721 2504 952 2564; x_wconf 86' lang='lat' dir='ltr'>autem</span> <span class='ocrx_word' id='word_1_140' title='bbox 984 2491 1040 2562; x_wconf 92' lang='lat' dir='ltr'>si</span> <span class='ocrx_word' id='word_1_141' title='bbox 1070 2502 1318 2565; x_wconf 82' lang='lat' dir='ltr'>statuae</span> <span class='ocrx_word' id='word_1_142' title='bbox 1343 2492 1710 2565; x_wconf 85' lang='lat' dir='ltr'>illustrium</span> <span class='ocrx_word' id='word_1_143' title='bbox 1747 2503 2041 2590; x_wconf 88' lang='lat' dir='ltr'>possunt</span> <span class='ocrx_word' id='word_1_144' title='bbox 2082 2493 2347 2564; x_wconf 91' lang='lat' dir='ltr'>nobiles</span> <span class='ocrx_word' id='word_1_145' title='bbox 2381 2493 2529 2565; x_wconf 88' lang='lat' dir='ltr'>ani-</span> 
     </span>
     <span class='ocr_line' id='line_1_19' title="bbox 380 2615 2526 2712; baseline -0.001 -24"><span class='ocrx_word' id='word_1_146' title='bbox 380 2639 532 2688; x_wconf 90' lang='lat' dir='ltr'>mos</span> <span class='ocrx_word' id='word_1_147' title='bbox 575 2616 665 2688; x_wconf 92' lang='lat' dir='ltr'>ad</span> <span class='ocrx_word' id='word_1_148' title='bbox 705 2615 1010 2689; x_wconf 88' lang='lat' dir='ltr'>imitandi</span> <span class='ocrx_word' id='word_1_149' title='bbox 1064 2616 1367 2688; x_wconf 90' lang='lat' dir='ltr'>studium</span> <span class='ocrx_word' id='word_1_150' title='bbox 1418 2617 1799 2689; x_wconf 84' lang='lat' dir='ltr'>accendere</span> <span class='ocrx_word' id='word_1_151' title='bbox 1855 2618 2066 2712; x_wconf 87' lang='lat' dir='ltr'>(quod</span> <span class='ocrx_word' id='word_1_152' title='bbox 2107 2617 2186 2701; x_wconf 90' lang='lat' dir='ltr'>Q.</span> <span class='ocrx_word' id='word_1_153' title='bbox 2240 2615 2526 2687; x_wconf 88' lang='lat' dir='ltr'>Fabium</span> 
     </span>
     <span class='ocr_line' id='line_1_20' title="bbox 378 2736 2526 2834; baseline 0.001 -28"><span class='ocrx_word' id='word_1_154' title='bbox 378 2736 757 2809; x_wconf 83' lang='lat' dir='ltr'>Maximum</span> <span class='ocrx_word' id='word_1_155' title='bbox 831 2749 900 2810; x_wconf 93' lang='lat' dir='ltr'>et</span> <span class='ocrx_word' id='word_1_156' title='bbox 963 2739 1043 2824; x_wconf 91' lang='lat' dir='ltr'>Q.</span> <span class='ocrx_word' id='word_1_157' title='bbox 1098 2739 1484 2812; x_wconf 89' lang='lat' dir='ltr'>Cornelium</span> <span class='ocrx_word' id='word_1_158' title='bbox 1556 2739 1938 2834; x_wconf 91' lang='lat' dir='ltr'>Scipionem</span> <span class='ocrx_word' id='word_1_159' title='bbox 1999 2739 2230 2812; x_wconf 89' lang='lat' dir='ltr'>dicere</span> <span class='ocrx_word' id='word_1_160' title='bbox 2290 2738 2526 2809; x_wconf 90' lang='lat' dir='ltr'>solitos</span> 
     </span>
     <span class='ocr_line' id='line_1_21' title="bbox 380 2846 2521 2958; baseline -0 -28"><span class='ocrx_word' id='word_1_161' title='bbox 380 2859 665 2956; x_wconf 91' lang='lat' dir='ltr'>Crispus</span> <span class='ocrx_word' id='word_1_162' title='bbox 725 2862 985 2957; x_wconf 77' lang='lat' dir='ltr'>refert),</span> <span class='ocrx_word' id='word_1_163' title='bbox 1056 2846 1315 2956; x_wconf 91' lang='lat' dir='ltr'>quanto</span> <span class='ocrx_word' id='word_1_164' title='bbox 1356 2862 1581 2955; x_wconf 90' lang='lat' dir='ltr'>magis</span> <span class='ocrx_word' id='word_1_165' title='bbox 1641 2863 1791 2958; x_wconf 91' lang='lat' dir='ltr'>ipsa</span> <span class='ocrx_word' id='word_1_166' title='bbox 1841 2862 2067 2933; x_wconf 85' lang='lat' dir='ltr'>virtus</span> <span class='ocrx_word' id='word_1_167' title='bbox 2119 2861 2250 2932; x_wconf 92' lang='lat' dir='ltr'>hoc</span> <span class='ocrx_word' id='word_1_168' title='bbox 2297 2859 2521 2945; x_wconf 88' lang='lat' dir='ltr'>efficit,</span> 
     </span>
     <span class='ocr_line' id='line_1_22' title="bbox 376 2983 2526 3081; baseline -0 -27"><span class='ocrx_word' id='word_1_169' title='bbox 376 2986 562 3058; x_wconf 88' lang='lat' dir='ltr'>claro</span> <span class='ocrx_word' id='word_1_170' title='bbox 599 2985 764 3057; x_wconf 92' lang='lat' dir='ltr'>dum</span> <span class='ocrx_word' id='word_1_171' title='bbox 792 2987 1193 3081; x_wconf 90' lang='lat' dir='ltr'>proponitur</span> <span class='ocrx_word' id='word_1_172' title='bbox 1217 3009 1356 3059; x_wconf 94' lang='lat' dir='ltr'>non</span> <span class='ocrx_word' id='word_1_173' title='bbox 1383 3008 1757 3070; x_wconf 89' lang='lat' dir='ltr'>marmore,</span> <span class='ocrx_word' id='word_1_174' title='bbox 1805 2985 1931 3057; x_wconf 91' lang='lat' dir='ltr'>sed</span> <span class='ocrx_word' id='word_1_175' title='bbox 1971 2987 2337 3077; x_wconf 72' lang='lat' dir='ltr'>exemplo?</span> <span class='ocrx_word' id='word_1_176' title='bbox 2364 2983 2526 3055; x_wconf 90' lang='lat' dir='ltr'>Cor·</span> 
     </span>
     <span class='ocr_line' id='line_1_23' title="bbox 375 3106 2527 3203; baseline -0.003 -23"><span class='ocrx_word' id='word_1_177' title='bbox 375 3130 621 3201; x_wconf 91' lang='lat' dir='ltr'>porum</span> <span class='ocrx_word' id='word_1_178' title='bbox 651 3131 900 3203; x_wconf 92' lang='lat' dir='ltr'>nempe</span> <span class='ocrx_word' id='word_1_179' title='bbox 926 3109 1337 3180; x_wconf 86' lang='lat' dir='ltr'>lineamenta</span> <span class='ocrx_word' id='word_1_180' title='bbox 1365 3108 1614 3179; x_wconf 84' lang='lat' dir='ltr'>statuis</span> <span class='ocrx_word' id='word_1_181' title='bbox 1650 3109 1884 3179; x_wconf 83' lang='lat' dir='ltr'>forsan</span> <span class='ocrx_word' id='word_1_182' title='bbox 1909 3106 2320 3202; x_wconf 81' lang='lat' dir='ltr'>expressius</span> <span class='ocrx_word' id='word_1_183' title='bbox 2361 3127 2527 3176; x_wconf 89' lang='lat' dir='ltr'>con-</span> 
     </span>
     <span class='ocr_line' id='line_1_24' title="bbox 379 3224 2523 3321; baseline -0.001 -23"><span class='ocrx_word' id='word_1_184' title='bbox 379 3230 714 3302; x_wconf 87' lang='lat' dir='ltr'>tinentur:</span> <span class='ocrx_word' id='word_1_185' title='bbox 782 3254 1015 3303; x_wconf 91' lang='lat' dir='ltr'>rerum</span> <span class='ocrx_word' id='word_1_186' title='bbox 1080 3252 1253 3302; x_wconf 87' lang='lat' dir='ltr'>vero</span> <span class='ocrx_word' id='word_1_187' title='bbox 1319 3238 1714 3320; x_wconf 90' lang='lat' dir='ltr'>gestarum,</span> <span class='ocrx_word' id='word_1_188' title='bbox 1786 3250 2197 3321; x_wconf 87' lang='lat' dir='ltr'>morumque</span> <span class='ocrx_word' id='word_1_189' title='bbox 2263 3224 2523 3311; x_wconf 86' lang='lat' dir='ltr'>notitia,</span> 
     </span>
     <span class='ocr_line' id='line_1_25' title="bbox 378 3349 2527 3445; baseline -0.001 -23"><span class='ocrx_word' id='word_1_190' title='bbox 378 3362 586 3445; x_wconf 90' lang='lat' dir='ltr'>atque</span> <span class='ocrx_word' id='word_1_191' title='bbox 648 3351 928 3422; x_wconf 90' lang='lat' dir='ltr'>habitus</span> <span class='ocrx_word' id='word_1_192' title='bbox 995 3352 1382 3421; x_wconf 86' lang='lat' dir='ltr'>animorum</span> <span class='ocrx_word' id='word_1_193' title='bbox 1441 3349 1632 3421; x_wconf 90' lang='lat' dir='ltr'>haud</span> <span class='ocrx_word' id='word_1_194' title='bbox 1691 3349 1901 3421; x_wconf 90' lang='lat' dir='ltr'>dubie</span> <span class='ocrx_word' id='word_1_195' title='bbox 1961 3349 2236 3445; x_wconf 91' lang='lat' dir='ltr'>plenius</span> <span class='ocrx_word' id='word_1_196' title='bbox 2316 3356 2527 3440; x_wconf 87' lang='lat' dir='ltr'>atque</span> 
     </span>
     <span class='ocr_line' id='line_1_26' title="bbox 378 3469 2526 3566; baseline 0 -24"><span class='ocrx_word' id='word_1_197' title='bbox 378 3470 749 3563; x_wconf 86' lang='lat' dir='ltr'>perfectius</span> <span class='ocrx_word' id='word_1_198' title='bbox 790 3469 1057 3555; x_wconf 90' lang='lat' dir='ltr'>verbis,</span> <span class='ocrx_word' id='word_1_199' title='bbox 1126 3492 1337 3563; x_wconf 88' lang='lat' dir='ltr'>quam</span> <span class='ocrx_word' id='word_1_200' title='bbox 1403 3469 1771 3541; x_wconf 91' lang='lat' dir='ltr'>incudibus</span> <span class='ocrx_word' id='word_1_201' title='bbox 1811 3472 2319 3566; x_wconf 83' lang='lat' dir='ltr'>exprimuntur.</span> <span class='ocrx_word' id='word_1_202' title='bbox 2386 3471 2526 3542; x_wconf 91' lang='lat' dir='ltr'>Nec</span> 
     </span>
     <span class='ocr_line' id='line_1_27' title="bbox 381 3591 2527 3688; baseline 0 -25"><span class='ocrx_word' id='word_1_203' title='bbox 381 3592 748 3688; x_wconf 90' lang='lat' dir='ltr'>improprie</span> <span class='ocrx_word' id='word_1_204' title='bbox 776 3592 942 3663; x_wconf 91' lang='lat' dir='ltr'>mihi</span> <span class='ocrx_word' id='word_1_205' title='bbox 968 3592 1212 3664; x_wconf 87' lang='lat' dir='ltr'>videor</span> <span class='ocrx_word' id='word_1_206' title='bbox 1247 3591 1562 3663; x_wconf 90' lang='lat' dir='ltr'>dicturus</span> <span class='ocrx_word' id='word_1_207' title='bbox 1608 3600 1904 3679; x_wconf 79' lang='lat' dir='ltr'>statuaS‚</span> <span class='ocrx_word' id='word_1_208' title='bbox 1950 3614 2314 3685; x_wconf 87' lang='lat' dir='ltr'>corporum</span> <span class='ocrx_word' id='word_1_209' title='bbox 2356 3592 2527 3663; x_wconf 91' lang='lat' dir='ltr'>ima-</span> 
     </span>
     <span class='ocr_line' id='line_1_28' title="bbox 379 3712 2525 3808; baseline 0 -23"><span class='ocrx_word' id='word_1_210' title='bbox 379 3716 607 3808; x_wconf 85' lang='lat' dir='ltr'>gines3</span> <span class='ocrx_word' id='word_1_211' title='bbox 643 3716 983 3807; x_wconf 82' lang='lat' dir='ltr'>exempla,</span> <span class='ocrx_word' id='word_1_212' title='bbox 1011 3714 1368 3785; x_wconf 88' lang='lat' dir='ltr'>virtutum.</span> <span class='ocrx_word' id='word_1_213' title='bbox 1399 3712 1583 3795; x_wconf 90' lang='lat' dir='ltr'>Quid</span> <span class='ocrx_word' id='word_1_214' title='bbox 1608 3713 1696 3785; x_wconf 92' lang='lat' dir='ltr'>de</span> <span class='ocrx_word' id='word_1_215' title='bbox 1716 3713 2011 3807; x_wconf 89' lang='lat' dir='ltr'>ingeniis</span> <span class='ocrx_word' id='word_1_216' title='bbox 2046 3718 2335 3808; x_wconf 70' lang='lat' dir='ltr'>loquar?</span> <span class='ocrx_word' id='word_1_217' title='bbox 2367 3716 2525 3785; x_wconf 89' lang='lat' dir='ltr'>Imi-</span> 
     </span>
     <span class='ocr_line' id='line_1_29' title="bbox 380 3834 2524 3930; baseline 0.002 -22"><span class='ocrx_word' id='word_1_218' title='bbox 380 3837 544 3909; x_wconf 89' lang='lat' dir='ltr'>tatio</span> <span class='ocrx_word' id='word_1_219' title='bbox 581 3859 793 3907; x_wconf 91' lang='lat' dir='ltr'>unum</span> <span class='ocrx_word' id='word_1_220' title='bbox 836 3834 1104 3928; x_wconf 82' lang='lat' dir='ltr'>insigne</span> <span class='ocrx_word' id='word_1_221' title='bbox 1145 3859 1270 3930; x_wconf 93' lang='lat' dir='ltr'>par</span> <span class='ocrx_word' id='word_1_222' title='bbox 1323 3834 1630 3906; x_wconf 91' lang='lat' dir='ltr'>siderum</span> <span class='ocrx_word' id='word_1_223' title='bbox 1685 3836 1939 3929; x_wconf 82' lang='lat' dir='ltr'>linguae</span> <span class='ocrx_word' id='word_1_224' title='bbox 1986 3839 2215 3912; x_wconf 80' lang='lat' dir='ltr'>latinae</span> <span class='ocrx_word' id='word_1_225' title='bbox 2256 3839 2524 3912; x_wconf 89' lang='lat' dir='ltr'>Cicero-</span> 
     </span>
     <span class='ocr_line' id='line_1_30' title="bbox 381 3957 2522 4056; baseline 0.003 -28"><span class='ocrx_word' id='word_1_226' title='bbox 381 3980 537 4030; x_wconf 90' lang='lat' dir='ltr'>nem</span> <span class='ocrx_word' id='word_1_227' title='bbox 563 3981 644 4030; x_wconf 89' lang='lat' dir='ltr'>ac</span> <span class='ocrx_word' id='word_1_228' title='bbox 666 3957 1030 4051; x_wconf 88' lang='lat' dir='ltr'>Virgilium</span> <span class='ocrx_word' id='word_1_229' title='bbox 1066 3959 1283 4045; x_wconf 90' lang='lat' dir='ltr'>dedit,</span> <span class='ocrx_word' id='word_1_230' title='bbox 1320 3959 1681 4053; x_wconf 87' lang='lat' dir='ltr'>effecitque</span> <span class='ocrx_word' id='word_1_231' title='bbox 1708 3983 1796 4032; x_wconf 92' lang='lat' dir='ltr'>ne</span> <span class='ocrx_word' id='word_1_232' title='bbox 1836 3961 1968 4034; x_wconf 88' lang='lat' dir='ltr'>iam</span> <span class='ocrx_word' id='word_1_233' title='bbox 2006 3961 2303 4056; x_wconf 86' lang='lat' dir='ltr'>amplius</span> <span class='ocrx_word' id='word_1_234' title='bbox 2328 3963 2522 4035; x_wconf 85' lang='lat' dir='ltr'>Grae·</span> 
     </span>
     <span class='ocr_line' id='line_1_31' title="bbox 378 4082 2523 4177; baseline 0.003 -25"><span class='ocrx_word' id='word_1_235' title='bbox 378 4082 478 4154; x_wconf 92' lang='lat' dir='ltr'>cis</span> <span class='ocrx_word' id='word_1_236' title='bbox 521 4086 658 4154; x_wconf 90' lang='lat' dir='ltr'>ulla</span> <span class='ocrx_word' id='word_1_237' title='bbox 698 4083 767 4154; x_wconf 93' lang='lat' dir='ltr'>in</span> <span class='ocrx_word' id='word_1_238' title='bbox 818 4091 1011 4176; x_wconf 80' lang='lat' dir='ltr'>parte</span> <span class='ocrx_word' id='word_1_239' title='bbox 1061 4082 1472 4177; x_wconf 82' lang='lat' dir='ltr'>eloquentiae</span> <span class='ocrx_word' id='word_1_240' title='bbox 1515 4083 1944 4156; x_wconf 89' lang='lat' dir='ltr'>cederemus.</span> <span class='ocrx_word' id='word_1_241' title='bbox 1998 4089 2174 4158; x_wconf 91' lang='lat' dir='ltr'>Dum</span> <span class='ocrx_word' id='word_1_242' title='bbox 2228 4086 2337 4158; x_wconf 93' lang='lat' dir='ltr'>bic</span> <span class='ocrx_word' id='word_1_243' title='bbox 2386 4088 2523 4159; x_wconf 90' lang='lat' dir='ltr'>Ho-</span> 
     </span>
    </p>
   </div>
   <div class='ocr_carea' id='block_1_7' title="bbox 251 4191 2518 4301">
    <p class='ocr_par' dir='ltr' id='par_1_7' title="bbox 251 4191 2518 4301">
     <span class='ocr_line' id='line_1_32' title="bbox 251 4191 2518 4301; baseline 0.001 -25"><span class='ocrx_word' id='word_1_244' title='bbox 251 4191 264 4196; x_wconf 54' lang='grc'><em>“</em></span> <span class='ocrx_word' id='word_1_245' title='bbox 377 4229 642 4280; x_wconf 88' lang='lat' dir='ltr'>merum</span> <span class='ocrx_word' id='word_1_246' title='bbox 686 4208 1025 4301; x_wconf 89' lang='lat' dir='ltr'>sequitur,</span> <span class='ocrx_word' id='word_1_247' title='bbox 1072 4208 1182 4279; x_wconf 89' lang='lat' dir='ltr'>ille</span> <span class='ocrx_word' id='word_1_248' title='bbox 1216 4206 1775 4292; x_wconf 86' lang='lat' dir='ltr'>Demosthenem,</span> <span class='ocrx_word' id='word_1_249' title='bbox 1821 4211 1992 4280; x_wconf 88' lang='lat' dir='ltr'>alter</span> <span class='ocrx_word' id='word_1_250' title='bbox 2031 4208 2278 4280; x_wconf 90' lang='lat' dir='ltr'>ducem</span> <span class='ocrx_word' id='word_1_251' title='bbox 2316 4233 2518 4298; x_wconf 88' lang='lat' dir='ltr'>suum</span> 
     </span>
    </p>
   </div>
  </div>
 </body>
</html>
