3104 4805
892 378 1079 428 unna
1121 349 1869 438 omarus—mumma
1917 385 2088 436 xvm.
2157 391 2160 392 ⁷
2455 373 2575 435 249

409 522 598 615 quod
645 521 716 591 in
779 542 866 592 ea
919 521 1262 598 comoedia
1312 522 1426 594 cui
1477 524 1798 597 Curculio
1847 547 2100 599 nomen
2127 538 2264 614 est,
2315 530 2579 622 legisse

410 653 655 737 potes:
1194 649 1211 658 ⁹

730 827 1013 894 Mulieres
1046 827 1194 892 duas
1226 828 1468 908 peiores
1501 843 1634 892 esse
1666 844 1856 908 quam
1889 846 2096 894 unam.

418 1011 638 1082 Servo
678 1020 912 1082 autem
951 1011 1123 1083 illud
1160 1010 1481 1084 eiusdem
1520 1020 1748 1108 poetae
1786 1012 1858 1083 in
1899 1010 2279 1106 Epidicho:

820 1195 1012 1260 Nimis
1043 1196 1253 1260 doctus
1286 1197 1384 1261 illc
1418 1199 1493 1262 ad
1521 1198 2040 1263 malefaciendum.

414 1375 558 1444 Hoc
597 1394 691 1444 ex
732 1394 847 1443 me
886 1373 1167 1445 addito:
1208 1374 1415 1445 nimis
1461 1384 1534 1445 tu
1576 1374 1794 1446 facilis
1836 1374 1927 1446 ad
1964 1370 2424 1460 credendum,
2468 1378 2575 1447 ni-

416 1495 546 1568 mis
582 1516 847 1591 pronus
881 1495 972 1567 ad
1003 1495 1557 1589 obsequendum.
1589 1497 1775 1582 Haec,
1813 1496 2049 1581 amice,
2080 1496 2142 1568 si
2175 1498 2351 1568 falsa
2387 1506 2569 1584 sunt,

415 1616 675 1690 dictum
741 1642 974 1692 meum
1033 1640 1297 1711 argue:
1367 1618 1476 1689 sin
1533 1638 1738 1701 vera,
1801 1638 2033 1689 mores
2076 1626 2235 1689 tuos
2273 1616 2567 1711 corrige.

415 1740 603 1811 Vale.

1220 2116 1574 2182 EPISTOLA
1613 2116 1752 2181 XIX.

867 2311 1254 2362 FRANclscus
1295 2310 1632 2363 PETRARCA
1674 2312 1759 2361 AD
1801 2309 2102 2362 IGNOTUM.

994 2490 1147 2546 Idem
1173 2489 1323 2562 quod
1350 2486 1407 2546 in
1433 2490 1667 2563 epistola
1690 2488 1979 2562 superiori.

604 2707 806 2795 Quod
844 2707 1188 2780 obiectum
1228 2706 1320 2781 ab
1359 2708 1582 2781 amico
1622 2709 1885 2781 crimen
1925 2729 2065 2780 non
2104 2728 2340 2801 negas,
2386 2707 2557 2780 facis

405 2835 727 2927 ingenue.
770 2832 1094 2925 Magnam
1136 2831 1643 2904 emendationis
1687 2830 1854 2901 vitae
1888 2851 2083 2923 spem
2124 2832 2408 2924 praefert
2446 2851 2558 2900 er·-

403 2957 578 3029 roris
610 2954 870 3052 proprii
896 2953 1294 3027 verecunda
1324 2954 1692 3027 confessio.
1720 2951 1925 3035 Quod
1957 2961 2188 3024 autem
2222 2951 2312 3024 de
2348 2972 2558 3024 servo

402 3085 521 3150 tuo
554 3087 765 3162 taces,
827 3087 1025 3149 caute
1083 3075 1406 3170 quidem;
1469 3076 1728 3169 quippe
1774 3094 1986 3166 quem
2036 3095 2369 3145 accusare
2416 3095 2556 3145 non

400 3211 621 3294 potes.
685 3200 779 3270 At
832 3200 1020 3294 quod
1082 3198 1526 3271 mulierculas
1569 3207 1727 3269 tuas
1767 3217 2098 3281 excusaS,
2146 3193 2555 3267 urbanitatis

386 3324 658 3417 ‘ineptae
696 3328 814 3396 vel
851 3325 1017 3397 caeci
1058 3323 1291 3397 iudicii
1326 3322 1649 3424 dixerim.
1688 3320 1792 3392 Tu
1832 3319 2098 3392 videris
2138 3316 2308 3412 quid
2345 3316 2435 3388 de
2475 3316 2556 3386 il-

402 3447 488 3518 lis
530 3446 967 3519 sentiendum
1018 3457 1249 3541 puteS,
1294 3464 1594 3537 quarum
1646 3443 1935 3514 alteram
1985 3441 2342 3536 optimam,
2387 3441 2556 3511 alte-

401 3592 549 3642 ram
602 3570 1031 3642 tolerabilem
1078 3569 1276 3642 dicis.
1329 3568 1483 3660 Ego
1548 3565 1719 3637 illud
1782 3564 2005 3637 Plauti
2068 3564 2138 3635 in
2199 3562 2554 3636 Aulularia

399 3714 570 3765 vero
609 3693 1066 3787 propinquius
1107 3713 1309 3764 reor:

560 3875 868 3954 Optimam
896 3875 1214 3941 foeminam
1247 3876 1473 3941 nullam
1505 3891 1666 3953 esse,
1702 3873 1815 3938 alia
1845 3871 1986 3937 licet
2017 3870 2130 3937 alia
2161 3870 2333 3953 peior
2366 3870 2459 3935 sit.

397 4057 586 4131 Vale.

1270 4189 1688 4230 *W-
