3104 4805
844 398 1171 446 FRANclscl
1216 399 1567 448 PETRARCAE
1612 400 1961 450 PRAEFATIO.
2394 391 2460 452 2¹1

292 561 295 562 *
329 549 543 620 semel
582 547 651 615 in
693 569 830 617 una
867 547 1151 641 epistola
1191 548 1486 641 positum
1529 548 1936 634 delectabat,
1984 551 2052 618 in
2095 561 2233 622 toto
2266 573 2469 644 opere

330 670 587 776 saepius
631 670 987 763 repetitum
1027 669 1303 742 fastidio
1352 680 1521 742 esse
1549 670 1772 765 caepit.
1829 672 1957 742 Uni
1998 672 2225 765 itaque
2264 673 2468 746 relin-

323 794 704 886 quendum,
749 792 836 863 de
875 792 1155 885 reliquis
1193 794 1619 865 eradendum
1659 793 1804 863 fuit.
1836 794 2046 864 Multa
2084 818 2357 888 quoque
2382 797 2469 867 de

327 914 776 986 familiaribus
815 915 1002 985 curis
1055 926 1215 986 tunc
1264 918 1434 986 sorte
1483 916 1649 987 dum
1682 915 2154 987 scriberentur
2192 917 2468 1006 cognitu

332 1060 467 1109 non
532 1037 843 1129 indigna,
912 1060 1095 1109 nunc
1157 1038 1476 1130 quamvis
1542 1038 1795 1130 cupido
1866 1038 2127 1122 lectori,
2197 1039 2465 1128 gravia,

330 1161 624 1245 detraxi,
679 1184 939 1232 memor
988 1161 1057 1230 in
1124 1161 1257 1232 hoc
1307 1160 1586 1231 irrisum
1638 1183 1702 1231 aw
1729 1161 1983 1244 Seneca
2043 1160 2466 1243 Ciceronem;
2509 1146 2512 1149 ⁷

279 1268 283 1271 ⁷
331 1306 745 1376 quamquam
799 1283 868 1354 in
919 1284 1029 1355 his
1078 1283 1385 1377 epistolis
1453 1307 1704 1375 magna
1751 1307 1844 1354 ex
1895 1294 2084 1376 parte
2127 1284 2470 1356 Ciceronis

335 1406 560 1498 potius
601 1429 810 1499 quam
852 1409 1130 1477 Senecae
1163 1428 1425 1476 morem
1462 1428 1732 1496 sequar.
1763 1407 2017 1476 Seneca
2048 1405 2229 1476 enim
2271 1405 2473 1499 quid-

334 1529 502 1620 quid
566 1529 970 1601 moralitatis
1020 1529 1092 1598 in
1144 1528 1463 1600 omnibus
1516 1531 1656 1599 sere
1718 1528 1910 1599 libris
1979 1527 2125 1599 suis
2172 1540 2347 1613 erat,
2402 1529 2472 1599 in

333 1651 638 1743 epistolis
679 1650 1051 1741 congessit.
1096 1652 1331 1722 Cicero
1370 1661 1598 1722 autem
1638 1651 2109 1744 philosophica
2158 1651 2229 1721 in
2278 1651 2471 1722 libris

333 1772 505 1863 agit:
541 1774 897 1844 familiaria
933 1785 1003 1844 et
1043 1796 1153 1845 res
1195 1795 1416 1846 novas
1458 1796 1538 1845 ac
1578 1773 1811 1845 varios
1853 1774 2035 1844 illius
2079 1775 2316 1845 saeculi
2357 1800 2474 1846 ru-

335 1916 564 1965 mores
587 1895 655 1965 in
679 1895 989 1988 epistolis
1016 1895 1319 1966 includit.
1335 1898 1434 1966 De
1456 1894 1713 1987 quibus
1739 1896 1908 1986 quid
1922 1897 2178 1966 Seneca
2205 1896 2467 1980 sentiat,

334 2017 489 2109 ipse
527 2015 792 2088 viderit.
835 2018 1003 2088 Mihi
1046 2017 1308 2112 (fateor)
1352 2039 1748 2110 peramoena
1786 2017 1984 2088 lectio
2021 2027 2149 2089 est.
2185 2019 2474 2089 Relaxat

331 2139 520 2210 enim
562 2139 650 2210 ab
688 2140 1057 2212 intentione
1097 2141 1211 2212 illa
1248 2163 1480 2211 rerum
1514 2140 1921 2226 difficilium,
1951 2163 2111 2232 quae
2151 2151 2474 2234 perpetua

334 2264 614 2355 quidem
663 2265 917 2355 frangit
964 2262 1300 2349 animum,
1355 2263 1748 2334 intermissa
1796 2264 2103 2334 delectat.
2157 2265 2328 2334 Nam
2370 2263 2477 2332 Si-

330 2385 526 2457 donii
567 2387 1006 2459 temeritatem
1041 2386 1367 2459 admirari
1401 2385 1527 2457 vix
1563 2386 1855 2459 sufficio:
1893 2386 2026 2458 nisi
2061 2390 2231 2460 sorte
2265 2398 2475 2459 teme-

338 2506 566 2579 rarius
633 2510 779 2603 ipse
845 2509 971 2582 sim
999 2568 1014 2595 ,
1084 2511 1205 2605 qui
1255 2510 1691 2582 temerarium
1757 2510 1946 2581 illum
1997 2509 2250 2595 dicam,
2306 2511 2472 2582 dum

334 2630 522 2699 sales
560 2629 713 2701 eius
755 2654 875 2703 seu
912 2634 1247 2705 tarditatis
1282 2655 1482 2717 meae,
1529 2656 1654 2704 seu
1694 2632 1875 2703 illius
1918 2632 2052 2704 stili
2093 2632 2308 2718 obice,
2350 2656 2473 2705 seu

336 2750 650 2823 fortassis
705 2752 886 2845 (nam
934 2755 1475 2848 unumquodque
1526 2752 1852 2846 possibile
1914 2753 2044 2847 est)
2114 2754 2473 2846 scripturae

340 2873 505 2945 vitio
553 2898 691 2948 non
745 2875 912 2947 satis
962 2876 1286 2967 intelligo.
1343 2877 1567 2948 Unum
1633 2875 1869 2968 utique
1918 2896 2054 2944 non
2106 2897 2215 2944 me
2265 2874 2468 2964 sugit,

338 2996 617 3087 irrisum
680 3010 750 3070 et
814 3022 855 3071 a
919 2999 1197 3072 Sidonio
1263 2999 1676 3071 Ciceronem.
1745 2998 1801 3068 O
1866 2994 2176 3080 libertaS,
2232 3018 2358 3078 ne,
2414 2996 2475 3066 si

333 3120 559 3193 dicam
595 3122 898 3208 audacia,
938 3144 1112 3215 quos
1150 3121 1546 3194 temeritatis
1582 3143 1830 3192 nomen
1864 3117 2144 3191 offendit
2180 3140 2476 3210 exaspe-

342 3265 532 3315 rem:
582 3245 937 3345 inventum
986 3268 1146 3317 esse
1195 3244 1540 3317 hominem
1592 3243 1907 3328 latinum,
1962 3243 2092 3349 qui*
2131 3265 2268 3314 non
2319 3241 2473 3314 dico

332 3365 598 3456 aliquid
651 3366 751 3460 (ut
795 3378 865 3439 et
914 3369 1270 3451 Senecam,
1322 3378 1391 3438 et
1442 3367 1578 3438 iam
1629 3367 1791 3437 hinc
1840 3388 1949 3437 me
1991 3366 2218 3458 ipsum
2260 3387 2476 3435 excu—

338 3508 534 3557 sem:
608 3489 730 3561 vix
791 3501 899 3562 est
973 3491 1156 3561 enim
1220 3490 1599 3562 humanum
1680 3488 1867 3560 omni
1946 3484 2476 3578 reprehensione

336 3608 706 3705 caruisse),
769 3612 893 3683 sed
954 3611 1436 3705 eloquentiam,
1507 3619 1626 3681 aut
1691 3609 1946 3691 stilum,
2015 3616 2135 3676 aut
2199 3602 2477 3674 omnino

337 3730 610 3803 dicendi
658 3755 879 3824 genus
931 3734 1274 3805 Ciceronis
1325 3732 1624 3804 irrideat.
1679 3729 1903 3822 Atque
1966 3728 2097 3797 hoc
2149 3723 2473 3797 Sidonius

338 3873 557 3922 ausus
606 3857 743 3925 est!
799 3855 1145 3930 Alvernus
1194 3867 1424 3928 orator
1475 3877 1611 3926 non
1661 3852 1855 3924 Latio
1906 3873 1981 3921 se
2033 3847 2293 3939 fingere
2340 3849 2477 3919 fra-

338 3986 536 4061 trem,
591 3988 667 4050 ut
715 3979 809 4050 ait
846 3980 956 4051 ille
1000 3977 1210 4075 (quod
1259 3979 1487 4073 ipsum
1539 3976 1708 4049 satis
1747 3984 1896 4046 erat
1944 3971 2476 4067 audaciae),·sed

337 4101 709 4186 aemulum,
764 4115 835 4175 et
888 4103 1097 4197 (quod
1161 4114 1269 4174 est
1318 4100 1626 4196 gravius)
1681 4098 2057 4182 irrisorem,
2128 4107 2332 4189 atque
2382 4094 2477 4164 illi

337 4220 717 4310 detrahere,
746 4225 859 4298 cui
900 4247 1137 4297 omnes
1172 4226 1485 4297 deferunt
1516 4236 1767 4318 praeter
1801 4244 2054 4317 paucos
2091 4218 2270 4291 illius
2297 4237 2477 4287 c-oae—
