<?xml version="1.0" encoding="UTF-8"?>
<!DOCTYPE html PUBLIC "-//W3C//DTD XHTML 1.0 Transitional//EN"
    "http://www.w3.org/TR/xhtml1/DTD/xhtml1-transitional.dtd">
<html xmlns="http://www.w3.org/1999/xhtml" xml:lang="en" lang="en">
 <head>
  <title>
</title>
<meta http-equiv="Content-Type" content="text/html;charset=utf-8" />
  <meta name='ocr-system' content='tesseract 3.04.00' />
  <meta name='ocr-capabilities' content='ocr_page ocr_carea ocr_par ocr_line ocrx_word'/>
</head>
<body>
  <div class='ocr_page' id='page_1' title='image "./epistolaederebu00unkngoog_0489.png"; bbox 0 0 3104 4805; ppageno 0'>
   <div class='ocr_carea' id='block_1_1' title="bbox 920 313 2507 377">
    <p class='ocr_par' dir='ltr' id='par_1_1' title="bbox 920 313 2507 377">
     <span class='ocr_line' id='line_1_1' title="bbox 920 313 2507 377; baseline 0.001 -4"><span class='ocrx_word' id='word_1_1' title='bbox 920 325 1105 374; x_wconf 68' lang='lat' dir='ltr'>Lmen</span> <span class='ocrx_word' id='word_1_2' title='bbox 1149 326 1406 376; x_wconf 70' lang='lat' dir='ltr'>senus.</span> <span class='ocrx_word' id='word_1_3' title='bbox 1433 326 1838 377; x_wconf 63' lang='lat' dir='ltr'>—ssrlsrom</span> <span class='ocrx_word' id='word_1_4' title='bbox 1882 328 1965 376; x_wconf 87' lang='lat' dir='ltr'>m.</span> <span class='ocrx_word' id='word_1_5' title='bbox 2108 336 2114 342; x_wconf 92' lang='lat'><strong>·</strong></span> <span class='ocrx_word' id='word_1_6' title='bbox 2402 313 2507 375; x_wconf 70' lang='lat'>321</span> 
     </span>
    </p>
   </div>
   <div class='ocr_carea' id='block_1_2' title="bbox 357 472 2524 4123">
    <p class='ocr_par' dir='ltr' id='par_1_2' title="bbox 357 472 2524 4123">
     <span class='ocr_line' id='line_1_2' title="bbox 358 472 2517 571; baseline 0.001 -24"><span class='ocrx_word' id='word_1_7' title='bbox 358 477 665 571; x_wconf 89' lang='lat' dir='ltr'>quinque</span> <span class='ocrx_word' id='word_1_8' title='bbox 704 493 924 546; x_wconf 89' lang='lat' dir='ltr'>annos</span> <span class='ocrx_word' id='word_1_9' title='bbox 962 472 1373 568; x_wconf 86' lang='lat' dir='ltr'>supervixit,</span> <span class='ocrx_word' id='word_1_10' title='bbox 1433 496 1664 545; x_wconf 91' lang='lat' dir='ltr'>seram</span> <span class='ocrx_word' id='word_1_11' title='bbox 1715 479 2139 570; x_wconf 83' lang='lat' dir='ltr'>voluptatem</span> <span class='ocrx_word' id='word_1_12' title='bbox 2193 477 2303 549; x_wconf 88' lang='lat' dir='ltr'>sui</span> <span class='ocrx_word' id='word_1_13' title='bbox 2353 500 2517 571; x_wconf 92' lang='lat' dir='ltr'>ope-</span> 
     </span>
     <span class='ocr_line' id='line_1_3' title="bbox 360 597 2517 692; baseline 0.003 -23"><span class='ocrx_word' id='word_1_14' title='bbox 360 598 455 669; x_wconf 90' lang='lat' dir='ltr'>ris</span> <span class='ocrx_word' id='word_1_15' title='bbox 504 608 985 692; x_wconf 88' lang='lat' dir='ltr'>percepturus.</span> <span class='ocrx_word' id='word_1_16' title='bbox 1039 597 1320 668; x_wconf 83' lang='lat' dir='ltr'>Homeri</span> <span class='ocrx_word' id='word_1_17' title='bbox 1371 618 1509 667; x_wconf 93' lang='lat' dir='ltr'>non</span> <span class='ocrx_word' id='word_1_18' title='bbox 1562 608 1825 670; x_wconf 90' lang='lat' dir='ltr'>tantum</span> <span class='ocrx_word' id='word_1_19' title='bbox 1880 609 2332 686; x_wconf 90' lang='lat' dir='ltr'>senectutem,</span> <span class='ocrx_word' id='word_1_20' title='bbox 2391 605 2517 676; x_wconf 91' lang='lat' dir='ltr'>sed</span> 
     </span>
     <span class='ocr_line' id='line_1_4' title="bbox 357 720 2518 815; baseline 0.002 -22"><span class='ocrx_word' id='word_1_21' title='bbox 357 732 428 793; x_wconf 90' lang='lat' dir='ltr'>et</span> <span class='ocrx_word' id='word_1_22' title='bbox 463 724 818 793; x_wconf 89' lang='lat' dir='ltr'>oculorum</span> <span class='ocrx_word' id='word_1_23' title='bbox 869 720 1250 792; x_wconf 80' lang='lat' dir='ltr'>caecitatem</span> <span class='ocrx_word' id='word_1_24' title='bbox 1302 724 1480 814; x_wconf 85' lang='lat' dir='ltr'>lego.</span> <span class='ocrx_word' id='word_1_25' title='bbox 1517 723 1682 807; x_wconf 90' lang='lat' dir='ltr'>Sed,</span> <span class='ocrx_word' id='word_1_26' title='bbox 1739 744 1829 793; x_wconf 89' lang='lat' dir='ltr'>an</span> <span class='ocrx_word' id='word_1_27' title='bbox 1882 734 2226 815; x_wconf 73' lang='lat' dir='ltr'>senectus</span> <span class='ocrx_word' id='word_1_28' title='bbox 2259 747 2346 795; x_wconf 92' lang='lat' dir='ltr'>an</span> <span class='ocrx_word' id='word_1_29' title='bbox 2386 727 2518 798; x_wconf 92' lang='lat' dir='ltr'>alia</span> 
     </span>
     <span class='ocr_line' id='line_1_5' title="bbox 358 844 2518 937; baseline 0.001 -21"><span class='ocrx_word' id='word_1_30' title='bbox 358 844 687 916; x_wconf 84' lang='lat' dir='ltr'>caecitatis</span> <span class='ocrx_word' id='word_1_31' title='bbox 723 865 938 916; x_wconf 88' lang='lat' dir='ltr'>causa</span> <span class='ocrx_word' id='word_1_32' title='bbox 962 844 1067 930; x_wconf 91' lang='lat' dir='ltr'>sit,</span> <span class='ocrx_word' id='word_1_33' title='bbox 1099 844 1336 917; x_wconf 89' lang='lat' dir='ltr'>nescio</span> <span class='ocrx_word' id='word_1_34' title='bbox 1387 869 1475 918; x_wconf 94' lang='lat' dir='ltr'>an</span> <span class='ocrx_word' id='word_1_35' title='bbox 1502 854 1578 916; x_wconf 91' lang='lat' dir='ltr'>tu</span> <span class='ocrx_word' id='word_1_36' title='bbox 1615 845 1899 937; x_wconf 85' lang='lat' dir='ltr'>legeris;</span> <span class='ocrx_word' id='word_1_37' title='bbox 1943 844 2112 916; x_wconf 92' lang='lat' dir='ltr'>mihi</span> <span class='ocrx_word' id='word_1_38' title='bbox 2153 846 2338 917; x_wconf 91' lang='lat' dir='ltr'>enim</span> <span class='ocrx_word' id='word_1_39' title='bbox 2383 870 2518 919; x_wconf 92' lang='lat' dir='ltr'>non</span> 
     </span>
     <span class='ocr_line' id='line_1_6' title="bbox 358 967 2517 1062; baseline 0.001 -22"><span class='ocrx_word' id='word_1_40' title='bbox 358 968 675 1041; x_wconf 87' lang='lat' dir='ltr'>occurrit.</span> <span class='ocrx_word' id='word_1_41' title='bbox 720 967 1008 1049; x_wconf 84' lang='lat' dir='ltr'><strong>Qualem</strong></span> <span class='ocrx_word' id='word_1_42' title='bbox 1050 980 1313 1054; x_wconf 89' lang='lat' dir='ltr'>autem,</span> <span class='ocrx_word' id='word_1_43' title='bbox 1367 978 1438 1039; x_wconf 94' lang='lat' dir='ltr'>et</span> <span class='ocrx_word' id='word_1_44' title='bbox 1479 991 1689 1062; x_wconf 83' lang='lat' dir='ltr'>quam</span> <span class='ocrx_word' id='word_1_45' title='bbox 1731 969 2103 1040; x_wconf 89' lang='lat' dir='ltr'>iucundam</span> <span class='ocrx_word' id='word_1_46' title='bbox 2170 969 2517 1042; x_wconf 83' lang='lat' dir='ltr'>credimus</span> 
     </span>
     <span class='ocr_line' id='line_1_7' title="bbox 359 1089 2523 1175; baseline 0.003 -16"><span class='ocrx_word' id='word_1_47' title='bbox 359 1089 788 1162; x_wconf 81' lang='lat' dir='ltr'>Homericam</span> <span class='ocrx_word' id='word_1_48' title='bbox 859 1100 1313 1175; x_wconf 88' lang='lat' dir='ltr'>senectutem,</span> <span class='ocrx_word' id='word_1_49' title='bbox 1355 1090 1678 1164; x_wconf 89' lang='lat' dir='ltr'>omnibus</span> <span class='ocrx_word' id='word_1_50' title='bbox 1726 1092 1874 1162; x_wconf 89' lang='lat' dir='ltr'>suis</span> <span class='ocrx_word' id='word_1_51' title='bbox 1913 1095 2416 1164; x_wconf 90' lang='lat' dir='ltr'>accumulatam</span> <span class='ocrx_word' id='word_1_52' title='bbox 2450 1104 2523 1165; x_wconf 91' lang='lat' dir='ltr'>et</span> 
     </span>
     <span class='ocr_line' id='line_1_8' title="bbox 360 1213 2517 1309; baseline 0.002 -28"><span class='ocrx_word' id='word_1_53' title='bbox 360 1213 763 1286; x_wconf 78' lang='lat' dir='ltr'>instructam</span> <span class='ocrx_word' id='word_1_54' title='bbox 789 1213 1007 1298; x_wconf 87' lang='lat' dir='ltr'>curis,</span> <span class='ocrx_word' id='word_1_55' title='bbox 1032 1236 1327 1307; x_wconf 89' lang='lat' dir='ltr'>quarum</span> <span class='ocrx_word' id='word_1_56' title='bbox 1357 1237 1598 1308; x_wconf 85' lang='lat' dir='ltr'>parvae</span> <span class='ocrx_word' id='word_1_57' title='bbox 1626 1214 1958 1309; x_wconf 85' lang='lat' dir='ltr'>reliquiae,</span> <span class='ocrx_word' id='word_1_58' title='bbox 1990 1226 2149 1307; x_wconf 88' lang='lat' dir='ltr'>post</span> <span class='ocrx_word' id='word_1_59' title='bbox 2176 1237 2517 1286; x_wconf 89' lang='lat' dir='ltr'>annorum</span> 
     </span>
     <span class='ocr_line' id='line_1_9' title="bbox 359 1337 2520 1432; baseline 0 -24"><span class='ocrx_word' id='word_1_60' title='bbox 359 1337 584 1422; x_wconf 92' lang='lat' dir='ltr'>millia,</span> <span class='ocrx_word' id='word_1_61' title='bbox 627 1347 815 1409; x_wconf 85' lang='lat' dir='ltr'>tanta</span> <span class='ocrx_word' id='word_1_62' title='bbox 863 1359 975 1408; x_wconf 92' lang='lat' dir='ltr'>me</span> <span class='ocrx_word' id='word_1_63' title='bbox 1025 1338 1389 1409; x_wconf 83' lang='lat' dir='ltr'>dulcedine</span> <span class='ocrx_word' id='word_1_64' title='bbox 1454 1338 1762 1410; x_wconf 92' lang='lat' dir='ltr'>afficiunt</span> <span class='ocrx_word' id='word_1_65' title='bbox 1824 1349 2032 1432; x_wconf 91' lang='lat' dir='ltr'>atque</span> <span class='ocrx_word' id='word_1_66' title='bbox 2095 1338 2520 1432; x_wconf 87' lang='lat' dir='ltr'>perfundunt</span> 
     </span>
     <span class='ocr_line' id='line_1_10' title="bbox 362 1459 2521 1559; baseline -0 -27"><span class='ocrx_word' id='word_1_67' title='bbox 362 1459 551 1554; x_wconf 88' lang='lat' dir='ltr'>(puto</span> <span class='ocrx_word' id='word_1_68' title='bbox 599 1460 778 1532; x_wconf 93' lang='lat' dir='ltr'>idem</span> <span class='ocrx_word' id='word_1_69' title='bbox 821 1460 972 1532; x_wconf 85' lang='lat' dir='ltr'>aliis</span> <span class='ocrx_word' id='word_1_70' title='bbox 1013 1460 1373 1555; x_wconf 80' lang='lat' dir='ltr'>accidere),</span> <span class='ocrx_word' id='word_1_71' title='bbox 1429 1471 1505 1531; x_wconf 86' lang='lat' dir='ltr'>ut</span> <span class='ocrx_word' id='word_1_72' title='bbox 1557 1484 1744 1559; x_wconf 85' lang='lat' dir='ltr'>saepe</span> <span class='ocrx_word' id='word_1_73' title='bbox 1795 1484 2107 1533; x_wconf 89' lang='lat' dir='ltr'>mearum</span> <span class='ocrx_word' id='word_1_74' title='bbox 2158 1461 2521 1534; x_wconf 87' lang='lat' dir='ltr'>immemor</span> 
     </span>
     <span class='ocr_line' id='line_1_11' title="bbox 357 1582 2521 1679; baseline 0.001 -26"><span class='ocrx_word' id='word_1_75' title='bbox 357 1605 713 1667; x_wconf 88' lang='lat' dir='ltr'>curarum,</span> <span class='ocrx_word' id='word_1_76' title='bbox 751 1582 1146 1678; x_wconf 85' lang='lat' dir='ltr'>oblitusque</span> <span class='ocrx_word' id='word_1_77' title='bbox 1187 1585 1636 1679; x_wconf 85' lang='lat' dir='ltr'>praesentium</span> <span class='ocrx_word' id='word_1_78' title='bbox 1674 1587 2042 1669; x_wconf 88' lang='lat' dir='ltr'>malorum,</span> <span class='ocrx_word' id='word_1_79' title='bbox 2100 1595 2286 1657; x_wconf 89' lang='lat' dir='ltr'>totus</span> <span class='ocrx_word' id='word_1_80' title='bbox 2338 1585 2406 1656; x_wconf 91' lang='lat' dir='ltr'>in</span> <span class='ocrx_word' id='word_1_81' title='bbox 2441 1586 2521 1655; x_wconf 90' lang='lat' dir='ltr'>il-</span> 
     </span>
     <span class='ocr_line' id='line_1_12' title="bbox 358 1706 2519 1802; baseline 0.004 -28"><span class='ocrx_word' id='word_1_82' title='bbox 358 1706 493 1777; x_wconf 90' lang='lat' dir='ltr'>lius</span> <span class='ocrx_word' id='word_1_83' title='bbox 532 1707 700 1778; x_wconf 87' lang='lat' dir='ltr'>caeci</span> <span class='ocrx_word' id='word_1_84' title='bbox 753 1707 939 1778; x_wconf 91' lang='lat' dir='ltr'>senis</span> <span class='ocrx_word' id='word_1_85' title='bbox 991 1708 1321 1779; x_wconf 91' lang='lat' dir='ltr'>memoria</span> <span class='ocrx_word' id='word_1_86' title='bbox 1389 1710 1920 1802; x_wconf 68' lang='lat' dir='ltr'>conquiescam?</span> <span class='ocrx_word' id='word_1_87' title='bbox 1972 1710 2368 1782; x_wconf 87' lang='lat' dir='ltr'>Carneades</span> <span class='ocrx_word' id='word_1_88' title='bbox 2429 1711 2519 1782; x_wconf 89' lang='lat' dir='ltr'>ad</span> 
     </span>
     <span class='ocr_line' id='line_1_13' title="bbox 359 1814 2519 1923; baseline 0.002 -24"><span class='ocrx_word' id='word_1_89' title='bbox 359 1829 918 1917; x_wconf 80' lang='lat' dir='ltr'>nonagesimum;</span> <span class='ocrx_word' id='word_1_90' title='bbox 972 1829 1338 1901; x_wconf 89' lang='lat' dir='ltr'>Cleanthes</span> <span class='ocrx_word' id='word_1_91' title='bbox 1379 1832 1470 1904; x_wconf 86' lang='lat' dir='ltr'>ad</span> <span class='ocrx_word' id='word_1_92' title='bbox 1513 1814 2187 1913; x_wconf 78' lang='lat' dir='ltr'>undecentesimum3</span> <span class='ocrx_word' id='word_1_93' title='bbox 2227 1832 2519 1923; x_wconf 81' lang='lat' dir='ltr'>Gorgias</span> 
     </span>
     <span class='ocr_line' id='line_1_14' title="bbox 361 1951 2516 2048; baseline 0.001 -27"><span class='ocrx_word' id='word_1_94' title='bbox 361 1951 740 2022; x_wconf 89' lang='lat' dir='ltr'>Leontinus</span> <span class='ocrx_word' id='word_1_95' title='bbox 790 1952 880 2023; x_wconf 94' lang='lat' dir='ltr'>ad</span> <span class='ocrx_word' id='word_1_96' title='bbox 943 1952 1400 2024; x_wconf 91' lang='lat' dir='ltr'>centesimum</span> <span class='ocrx_word' id='word_1_97' title='bbox 1470 1976 1551 2025; x_wconf 91' lang='lat' dir='ltr'>ac</span> <span class='ocrx_word' id='word_1_98' title='bbox 1614 1954 1982 2048; x_wconf 88' lang='lat' dir='ltr'>septimum</span> <span class='ocrx_word' id='word_1_99' title='bbox 2043 1956 2211 2025; x_wconf 80' lang='lat' dir='ltr'>vitae</span> <span class='ocrx_word' id='word_1_100' title='bbox 2263 1977 2516 2025; x_wconf 90' lang='lat' dir='ltr'>annum</span> 
     </span>
     <span class='ocr_line' id='line_1_15' title="bbox 363 2074 2521 2173; baseline 0.003 -30"><span class='ocrx_word' id='word_1_101' title='bbox 363 2074 728 2166; x_wconf 84' lang='lat' dir='ltr'>tranquilla</span> <span class='ocrx_word' id='word_1_102' title='bbox 763 2084 1120 2146; x_wconf 83' lang='lat' dir='ltr'>senectute</span> <span class='ocrx_word' id='word_1_103' title='bbox 1161 2076 1499 2168; x_wconf 90' lang='lat' dir='ltr'>pervenit.</span> <span class='ocrx_word' id='word_1_104' title='bbox 1531 2077 1962 2173; x_wconf 82' lang='lat' dir='ltr'>Chrysippus</span> <span class='ocrx_word' id='word_1_105' title='bbox 1986 2099 2174 2149; x_wconf 89' lang='lat' dir='ltr'>nono</span> <span class='ocrx_word' id='word_1_106' title='bbox 2203 2101 2282 2150; x_wconf 89' lang='lat' dir='ltr'>ac</span> <span class='ocrx_word' id='word_1_107' title='bbox 2311 2079 2521 2170; x_wconf 89' lang='lat' dir='ltr'>trige-</span> 
     </span>
     <span class='ocr_line' id='line_1_16' title="bbox 365 2198 2523 2292; baseline 0.001 -24"><span class='ocrx_word' id='word_1_108' title='bbox 365 2198 543 2269; x_wconf 92' lang='lat' dir='ltr'>simo</span> <span class='ocrx_word' id='word_1_109' title='bbox 600 2219 782 2269; x_wconf 91' lang='lat' dir='ltr'>anno</span> <span class='ocrx_word' id='word_1_110' title='bbox 845 2207 1148 2290; x_wconf 75' lang='lat' dir='ltr'>coeptum</span> <span class='ocrx_word' id='word_1_111' title='bbox 1209 2199 1363 2269; x_wconf 91' lang='lat' dir='ltr'>miri</span> <span class='ocrx_word' id='word_1_112' title='bbox 1414 2221 1590 2292; x_wconf 89' lang='lat' dir='ltr'>opus</span> <span class='ocrx_word' id='word_1_113' title='bbox 1658 2201 2031 2284; x_wconf 89' lang='lat' dir='ltr'>acuminis,</span> <span class='ocrx_word' id='word_1_114' title='bbox 2095 2199 2523 2292; x_wconf 89' lang='lat' dir='ltr'>octogesimo</span> 
     </span>
     <span class='ocr_line' id='line_1_17' title="bbox 364 2319 2522 2415; baseline 0.002 -25"><span class='ocrx_word' id='word_1_115' title='bbox 364 2319 669 2392; x_wconf 88' lang='lat' dir='ltr'>moriens</span> <span class='ocrx_word' id='word_1_116' title='bbox 708 2321 1003 2415; x_wconf 88' lang='lat' dir='ltr'>reliquit.</span> <span class='ocrx_word' id='word_1_117' title='bbox 1047 2321 1196 2404; x_wconf 88' lang='lat' dir='ltr'>Qua</span> <span class='ocrx_word' id='word_1_118' title='bbox 1231 2331 1433 2393; x_wconf 83' lang='lat' dir='ltr'>aetate</span> <span class='ocrx_word' id='word_1_119' title='bbox 1469 2322 1861 2395; x_wconf 91' lang='lat' dir='ltr'>Simonides</span> <span class='ocrx_word' id='word_1_120' title='bbox 1915 2322 1981 2392; x_wconf 93' lang='lat' dir='ltr'>in</span> <span class='ocrx_word' id='word_1_121' title='bbox 2018 2324 2400 2395; x_wconf 87' lang='lat' dir='ltr'>carminum</span> <span class='ocrx_word' id='word_1_122' title='bbox 2444 2344 2522 2394; x_wconf 94' lang='lat' dir='ltr'>se</span> 
     </span>
     <span class='ocr_line' id='line_1_18' title="bbox 361 2445 2522 2539; baseline 0 -23"><span class='ocrx_word' id='word_1_123' title='bbox 361 2454 717 2516; x_wconf 89' lang='lat' dir='ltr'>certamen</span> <span class='ocrx_word' id='word_1_124' title='bbox 768 2445 1221 2518; x_wconf 86' lang='lat' dir='ltr'>descendisse</span> <span class='ocrx_word' id='word_1_125' title='bbox 1263 2456 1777 2519; x_wconf 88' lang='lat' dir='ltr'>commemorat.</span> <span class='ocrx_word' id='word_1_126' title='bbox 1845 2447 2069 2518; x_wconf 88' lang='lat' dir='ltr'>AEtate</span> <span class='ocrx_word' id='word_1_127' title='bbox 2117 2457 2522 2539; x_wconf 85' lang='lat' dir='ltr'>provectum</span> 
     </span>
     <span class='ocr_line' id='line_1_19' title="bbox 361 2568 2522 2660; baseline 0 -22"><span class='ocrx_word' id='word_1_128' title='bbox 361 2569 710 2640; x_wconf 90' lang='lat' dir='ltr'>Socratem</span> <span class='ocrx_word' id='word_1_129' title='bbox 751 2568 1082 2660; x_wconf 87' lang='lat' dir='ltr'>legimus;</span> <span class='ocrx_word' id='word_1_130' title='bbox 1132 2579 1204 2640; x_wconf 88' lang='lat' dir='ltr'>et</span> <span class='ocrx_word' id='word_1_131' title='bbox 1241 2568 1384 2641; x_wconf 91' lang='lat' dir='ltr'>ibat</span> <span class='ocrx_word' id='word_1_132' title='bbox 1424 2570 1745 2653; x_wconf 79' lang='lat' dir='ltr'>ulteriuS,</span> <span class='ocrx_word' id='word_1_133' title='bbox 1802 2569 1936 2640; x_wconf 91' lang='lat' dir='ltr'>nisi</span> <span class='ocrx_word' id='word_1_134' title='bbox 1970 2578 2356 2642; x_wconf 90' lang='lat' dir='ltr'>venenatus</span> <span class='ocrx_word' id='word_1_135' title='bbox 2397 2568 2522 2639; x_wconf 91' lang='lat' dir='ltr'>ob-</span> 
     </span>
     <span class='ocr_line' id='line_1_20' title="bbox 363 2690 2522 2787; baseline 0 -26"><span class='ocrx_word' id='word_1_136' title='bbox 363 2692 654 2763; x_wconf 87' lang='lat' dir='ltr'>stitisset</span> <span class='ocrx_word' id='word_1_137' title='bbox 685 2690 888 2763; x_wconf 87' lang='lat' dir='ltr'>calix.</span> <span class='ocrx_word' id='word_1_138' title='bbox 931 2692 1145 2762; x_wconf 90' lang='lat' dir='ltr'>Cuius</span> <span class='ocrx_word' id='word_1_139' title='bbox 1187 2693 1765 2787; x_wconf 86' lang='lat' dir='ltr'>praeclarissimus</span> <span class='ocrx_word' id='word_1_140' title='bbox 1800 2693 1912 2764; x_wconf 93' lang='lat' dir='ltr'>ille</span> <span class='ocrx_word' id='word_1_141' title='bbox 1946 2692 2330 2786; x_wconf 82' lang='lat' dir='ltr'>discipulus</span> <span class='ocrx_word' id='word_1_142' title='bbox 2369 2694 2522 2763; x_wconf 90' lang='lat' dir='ltr'>Pla-</span> 
     </span>
     <span class='ocr_line' id='line_1_21' title="bbox 362 2813 2519 2910; baseline -0 -24"><span class='ocrx_word' id='word_1_143' title='bbox 362 2825 454 2900; x_wconf 84' lang='lat' dir='ltr'>to,</span> <span class='ocrx_word' id='word_1_144' title='bbox 501 2839 640 2888; x_wconf 89' lang='lat' dir='ltr'>uno</span> <span class='ocrx_word' id='word_1_145' title='bbox 678 2825 750 2885; x_wconf 93' lang='lat' dir='ltr'>et</span> <span class='ocrx_word' id='word_1_146' title='bbox 788 2813 1135 2908; x_wconf 87' lang='lat' dir='ltr'>octoginta</span> <span class='ocrx_word' id='word_1_147' title='bbox 1173 2815 1373 2887; x_wconf 91' lang='lat' dir='ltr'>annis</span> <span class='ocrx_word' id='word_1_148' title='bbox 1417 2817 1749 2908; x_wconf 80' lang='lat' dir='ltr'>expletiS,</span> <span class='ocrx_word' id='word_1_149' title='bbox 1796 2815 2041 2887; x_wconf 92' lang='lat' dir='ltr'>eodem</span> <span class='ocrx_word' id='word_1_150' title='bbox 2081 2816 2232 2910; x_wconf 88' lang='lat' dir='ltr'>ipso</span> <span class='ocrx_word' id='word_1_151' title='bbox 2273 2814 2519 2887; x_wconf 92' lang='lat' dir='ltr'>natalis</span> 
     </span>
     <span class='ocr_line' id='line_1_22' title="bbox 361 2939 2523 3032; baseline -0.001 -21"><span class='ocrx_word' id='word_1_152' title='bbox 361 2941 469 3011; x_wconf 90' lang='lat' dir='ltr'>sui</span> <span class='ocrx_word' id='word_1_153' title='bbox 508 2939 621 3010; x_wconf 90' lang='lat' dir='ltr'>die</span> <span class='ocrx_word' id='word_1_154' title='bbox 664 2940 858 3024; x_wconf 91' lang='lat' dir='ltr'>obiit;</span> <span class='ocrx_word' id='word_1_155' title='bbox 912 2948 984 3010; x_wconf 91' lang='lat' dir='ltr'>et</span> <span class='ocrx_word' id='word_1_156' title='bbox 1019 2940 1091 3011; x_wconf 90' lang='lat' dir='ltr'>in</span> <span class='ocrx_word' id='word_1_157' title='bbox 1127 2961 1213 3012; x_wconf 93' lang='lat' dir='ltr'>eo</span> <span class='ocrx_word' id='word_1_158' title='bbox 1250 2940 1425 3032; x_wconf 90' lang='lat' dir='ltr'>ipso,</span> <span class='ocrx_word' id='word_1_159' title='bbox 1463 2940 1576 3011; x_wconf 91' lang='lat' dir='ltr'>cui</span> <span class='ocrx_word' id='word_1_160' title='bbox 1621 2940 2018 3011; x_wconf 89' lang='lat' dir='ltr'>diutissime</span> <span class='ocrx_word' id='word_1_161' title='bbox 2059 2941 2366 3011; x_wconf 91' lang='lat' dir='ltr'>animum</span> <span class='ocrx_word' id='word_1_162' title='bbox 2418 2939 2523 3009; x_wconf 84' lang='lat' dir='ltr'>in-</span> 
     </span>
     <span class='ocr_line' id='line_1_23' title="bbox 359 3060 2523 3155; baseline -0.002 -21"><span class='ocrx_word' id='word_1_163' title='bbox 359 3064 697 3148; x_wconf 82' lang='lat' dir='ltr'>tenderat,</span> <span class='ocrx_word' id='word_1_164' title='bbox 741 3062 1074 3135; x_wconf 81' lang='lat' dir='ltr'>exercitio</span> <span class='ocrx_word' id='word_1_165' title='bbox 1125 3063 1530 3132; x_wconf 86' lang='lat' dir='ltr'>litterarum.</span> <span class='ocrx_word' id='word_1_166' title='bbox 1578 3062 1791 3133; x_wconf 89' lang='lat' dir='ltr'>Cuius</span> <span class='ocrx_word' id='word_1_167' title='bbox 1831 3062 2214 3155; x_wconf 89' lang='lat' dir='ltr'>discipulus</span> <span class='ocrx_word' id='word_1_168' title='bbox 2255 3060 2523 3131; x_wconf 86' lang='lat' dir='ltr'>Aristo-</span> 
     </span>
     <span class='ocr_line' id='line_1_24' title="bbox 358 3184 2519 3274; baseline -0.002 -18"><span class='ocrx_word' id='word_1_169' title='bbox 358 3189 534 3259; x_wconf 87' lang='lat' dir='ltr'>teles</span> <span class='ocrx_word' id='word_1_170' title='bbox 560 3187 836 3259; x_wconf 90' lang='lat' dir='ltr'>nonnisi</span> <span class='ocrx_word' id='word_1_171' title='bbox 862 3187 950 3258; x_wconf 92' lang='lat' dir='ltr'>ad</span> <span class='ocrx_word' id='word_1_172' title='bbox 977 3186 1255 3259; x_wconf 89' lang='lat' dir='ltr'>tertium</span> <span class='ocrx_word' id='word_1_173' title='bbox 1283 3195 1354 3255; x_wconf 93' lang='lat' dir='ltr'>et</span> <span class='ocrx_word' id='word_1_174' title='bbox 1380 3184 1902 3274; x_wconf 80' lang='lat' dir='ltr'>sexagesimum</span> <span class='ocrx_word' id='word_1_175' title='bbox 1939 3184 2266 3267; x_wconf 88' lang='lat' dir='ltr'>accessit,</span> <span class='ocrx_word' id='word_1_176' title='bbox 2311 3203 2519 3273; x_wconf 93' lang='lat' dir='ltr'>quem</span> 
     </span>
     <span class='ocr_line' id='line_1_25' title="bbox 358 3301 2521 3397; baseline -0.001 -22"><span class='ocrx_word' id='word_1_177' title='bbox 358 3306 825 3397; x_wconf 89' lang='lat' dir='ltr'>periculosum</span> <span class='ocrx_word' id='word_1_178' title='bbox 866 3327 1232 3376; x_wconf 92' lang='lat' dir='ltr'>numerum</span> <span class='ocrx_word' id='word_1_179' title='bbox 1275 3326 1644 3387; x_wconf 91' lang='lat' dir='ltr'>annorum,</span> <span class='ocrx_word' id='word_1_180' title='bbox 1688 3315 1761 3374; x_wconf 89' lang='lat' dir='ltr'>et</span> <span class='ocrx_word' id='word_1_181' title='bbox 1782 3304 2090 3375; x_wconf 91' lang='lat' dir='ltr'>humano</span> <span class='ocrx_word' id='word_1_182' title='bbox 2132 3301 2373 3394; x_wconf 81' lang='lat' dir='ltr'>generi</span> <span class='ocrx_word' id='word_1_183' title='bbox 2407 3304 2521 3372; x_wconf 88' lang='lat' dir='ltr'>vel</span> 
     </span>
     <span class='ocr_line' id='line_1_26' title="bbox 361 3424 2524 3516; baseline -0.002 -19"><span class='ocrx_word' id='word_1_184' title='bbox 361 3435 584 3499; x_wconf 92' lang='lat' dir='ltr'>morte</span> <span class='ocrx_word' id='word_1_185' title='bbox 633 3429 751 3497; x_wconf 79' lang='lat' dir='ltr'>vel</span> <span class='ocrx_word' id='word_1_186' title='bbox 813 3426 1068 3516; x_wconf 80' lang='lat' dir='ltr'>insigni</span> <span class='ocrx_word' id='word_1_187' title='bbox 1107 3425 1497 3495; x_wconf 85' lang='lat' dir='ltr'>calamitate</span> <span class='ocrx_word' id='word_1_188' title='bbox 1540 3424 1918 3494; x_wconf 87' lang='lat' dir='ltr'>terribilem</span> <span class='ocrx_word' id='word_1_189' title='bbox 1969 3426 2226 3507; x_wconf 79' lang='lat' dir='ltr'>ferunt3</span> <span class='ocrx_word' id='word_1_190' title='bbox 2277 3435 2351 3494; x_wconf 93' lang='lat' dir='ltr'>et</span> <span class='ocrx_word' id='word_1_191' title='bbox 2398 3445 2524 3494; x_wconf 87' lang='lat' dir='ltr'>cur</span> 
     </span>
     <span class='ocr_line' id='line_1_27' title="bbox 360 3543 2523 3639; baseline -0.001 -22"><span class='ocrx_word' id='word_1_192' title='bbox 360 3548 456 3620; x_wconf 88' lang='lat' dir='ltr'>ita</span> <span class='ocrx_word' id='word_1_193' title='bbox 481 3549 599 3631; x_wconf 91' lang='lat' dir='ltr'>sit,</span> <span class='ocrx_word' id='word_1_194' title='bbox 628 3547 931 3618; x_wconf 89' lang='lat' dir='ltr'>rationes</span> <span class='ocrx_word' id='word_1_195' title='bbox 958 3544 1274 3639; x_wconf 86' lang='lat' dir='ltr'>quidam,</span> <span class='ocrx_word' id='word_1_196' title='bbox 1314 3545 1427 3616; x_wconf 90' lang='lat' dir='ltr'>alii</span> <span class='ocrx_word' id='word_1_197' title='bbox 1461 3543 2018 3616; x_wconf 89' lang='lat' dir='ltr'>observationem</span> <span class='ocrx_word' id='word_1_198' title='bbox 2056 3546 2274 3616; x_wconf 90' lang='lat' dir='ltr'>solam</span> <span class='ocrx_word' id='word_1_199' title='bbox 2307 3566 2523 3638; x_wconf 85' lang='lat' dir='ltr'>expe-</span> 
     </span>
     <span class='ocr_line' id='line_1_28' title="bbox 362 3667 2519 3761; baseline -0.001 -21"><span class='ocrx_word' id='word_1_200' title='bbox 362 3670 630 3741; x_wconf 86' lang='lat' dir='ltr'>rientiae</span> <span class='ocrx_word' id='word_1_201' title='bbox 669 3668 1002 3761; x_wconf 86' lang='lat' dir='ltr'>longioris</span> <span class='ocrx_word' id='word_1_202' title='bbox 1045 3667 1357 3738; x_wconf 87' lang='lat' dir='ltr'>afferunt.</span> <span class='ocrx_word' id='word_1_203' title='bbox 1404 3667 1788 3759; x_wconf 89' lang='lat' dir='ltr'>Utrumque</span> <span class='ocrx_word' id='word_1_204' title='bbox 1833 3689 2016 3753; x_wconf 90' lang='lat' dir='ltr'>sane,</span> <span class='ocrx_word' id='word_1_205' title='bbox 2059 3668 2230 3761; x_wconf 91' lang='lat' dir='ltr'>quid</span> <span class='ocrx_word' id='word_1_206' title='bbox 2267 3667 2519 3739; x_wconf 87' lang='lat' dir='ltr'>virium</span> 
     </span>
     <span class='ocr_line' id='line_1_29' title="bbox 361 3788 2522 3886; baseline 0 -24"><span class='ocrx_word' id='word_1_207' title='bbox 361 3791 646 3877; x_wconf 87' lang='lat' dir='ltr'>habeat,</span> <span class='ocrx_word' id='word_1_208' title='bbox 694 3791 825 3886; x_wconf 92' lang='lat' dir='ltr'>ipsi</span> <span class='ocrx_word' id='word_1_209' title='bbox 876 3791 995 3884; x_wconf 93' lang='lat' dir='ltr'>qui</span> <span class='ocrx_word' id='word_1_210' title='bbox 1048 3791 1340 3863; x_wconf 91' lang='lat' dir='ltr'>attulere</span> <span class='ocrx_word' id='word_1_211' title='bbox 1375 3788 1780 3863; x_wconf 88' lang='lat' dir='ltr'>discutiant:</span> <span class='ocrx_word' id='word_1_212' title='bbox 1824 3792 2037 3876; x_wconf 89' lang='lat' dir='ltr'>hunc,</span> <span class='ocrx_word' id='word_1_213' title='bbox 2081 3791 2139 3863; x_wconf 93' lang='lat' dir='ltr'>si</span> <span class='ocrx_word' id='word_1_214' title='bbox 2176 3812 2344 3862; x_wconf 91' lang='lat' dir='ltr'>vera</span> <span class='ocrx_word' id='word_1_215' title='bbox 2377 3813 2522 3862; x_wconf 91' lang='lat' dir='ltr'>me-</span> 
     </span>
     <span class='ocr_line' id='line_1_30' title="bbox 360 3914 2519 4008; baseline 0.001 -24"><span class='ocrx_word' id='word_1_216' title='bbox 360 3924 657 3999; x_wconf 90' lang='lat' dir='ltr'>morant,</span> <span class='ocrx_word' id='word_1_217' title='bbox 703 3914 871 3985; x_wconf 84' lang='lat' dir='ltr'>vitae</span> <span class='ocrx_word' id='word_1_218' title='bbox 897 3916 1259 4008; x_wconf 87' lang='lat' dir='ltr'>scopulum</span> <span class='ocrx_word' id='word_1_219' title='bbox 1287 3914 1613 3985; x_wconf 84' lang='lat' dir='ltr'>humanae</span> <span class='ocrx_word' id='word_1_220' title='bbox 1647 3936 1735 3984; x_wconf 93' lang='lat' dir='ltr'>ne</span> <span class='ocrx_word' id='word_1_221' title='bbox 1778 3915 2076 3986; x_wconf 86' lang='lat' dir='ltr'>transire</span> <span class='ocrx_word' id='word_1_222' title='bbox 2116 3924 2354 4008; x_wconf 90' lang='lat' dir='ltr'>posset</span> <span class='ocrx_word' id='word_1_223' title='bbox 2395 3936 2519 3987; x_wconf 91' lang='lat' dir='ltr'>no-</span> 
     </span>
     <span class='ocr_line' id='line_1_31' title="bbox 365 4036 2520 4123; baseline 0.002 -16"><span class='ocrx_word' id='word_1_224' title='bbox 365 4047 509 4108; x_wconf 84' lang='lat' dir='ltr'>ster</span> <span class='ocrx_word' id='word_1_225' title='bbox 552 4038 811 4119; x_wconf 88' lang='lat' dir='ltr'>Cicero,</span> <span class='ocrx_word' id='word_1_226' title='bbox 857 4060 994 4109; x_wconf 94' lang='lat' dir='ltr'>non</span> <span class='ocrx_word' id='word_1_227' title='bbox 1034 4045 1386 4109; x_wconf 86' lang='lat' dir='ltr'>senectute</span> <span class='ocrx_word' id='word_1_228' title='bbox 1430 4058 1584 4123; x_wconf 89' lang='lat' dir='ltr'>sua,</span> <span class='ocrx_word' id='word_1_229' title='bbox 1631 4036 1757 4109; x_wconf 91' lang='lat' dir='ltr'>sed</span> <span class='ocrx_word' id='word_1_230' title='bbox 1796 4038 2073 4109; x_wconf 90' lang='lat' dir='ltr'>Antonii</span> <span class='ocrx_word' id='word_1_231' title='bbox 2123 4039 2384 4110; x_wconf 91' lang='lat' dir='ltr'>crudeli</span> <span class='ocrx_word' id='word_1_232' title='bbox 2437 4063 2520 4112; x_wconf 86' lang='lat' dir='ltr'>ac</span> 
     </span>
    </p>
   </div>
   <div class='ocr_carea' id='block_1_3' title="bbox 362 4161 2512 4332">
    <p class='ocr_par' dir='ltr' id='par_1_3' title="bbox 362 4161 2512 4332">
     <span class='ocr_line' id='line_1_32' title="bbox 362 4161 2512 4257; baseline 0.002 -26"><span class='ocrx_word' id='word_1_233' title='bbox 362 4161 620 4234; x_wconf 80' lang='lat' dir='ltr'>nefario</span> <span class='ocrx_word' id='word_1_234' title='bbox 652 4161 977 4257; x_wconf 86' lang='lat' dir='ltr'>imperio,</span> <span class='ocrx_word' id='word_1_235' title='bbox 1020 4161 1339 4232; x_wconf 88' lang='lat' dir='ltr'>effectum</span> <span class='ocrx_word' id='word_1_236' title='bbox 1390 4171 1520 4234; x_wconf 88' lang='lat' dir='ltr'>est.</span> <span class='ocrx_word' id='word_1_237' title='bbox 1566 4162 1656 4233; x_wconf 89' lang='lat' dir='ltr'>Et</span> <span class='ocrx_word' id='word_1_238' title='bbox 1704 4163 2031 4256; x_wconf 90' lang='lat' dir='ltr'>quoniam</span> <span class='ocrx_word' id='word_1_239' title='bbox 2076 4162 2163 4234; x_wconf 93' lang='lat' dir='ltr'>ad</span> <span class='ocrx_word' id='word_1_240' title='bbox 2208 4173 2512 4250; x_wconf 81' lang='lat' dir='ltr'>nostroS‚</span> 
     </span>
     <span class='ocr_line' id='line_1_33' title="bbox 671 4283 2262 4332; baseline -0.001 0"><span class='ocrx_word' id='word_1_241' title='bbox 671 4295 703 4332; x_wconf 86' lang='grc' dir='ltr'>ι.</span> <span class='ocrx_word' id='word_1_242' title='bbox 2209 4283 2262 4332; x_wconf 74' lang='lat'>‘2¹</span> 
     </span>
    </p>
   </div>
  </div>
 </body>
</html>
