3104 4805
550 342 625 401 48
1220 353 1299 399 nn
1344 352 1542 400 nanus
1586 350 2031 400 FAMILlAmBUS

551 501 847 591 gnitam,
887 499 1015 570 sed
1046 498 1209 570 visu
1248 509 1467 569 atram
1509 509 1720 591 atque
1754 494 2142 568 horrificam
2173 499 2464 571 transivi
2491 504 2701 590 soluS,

550 633 619 693 et
657 621 867 716 (quod
901 622 1124 713 magis
1163 620 1552 715 admireris)
1609 618 1769 690 belli
1822 630 2149 713 tempore.
2205 620 2344 693 Sed
2393 623 2703 698 incautos

554 744 574 839 (
578 756 654 816 ut
687 744 899 839 aiunt)
930 747 1118 815 Deus
1149 743 1459 815 adiuvat.
1487 742 1588 815 Ac
1612 765 1701 813 ne
1735 744 2015 834 longum
2050 743 2180 813 iter
2214 743 2338 814 vix
2371 769 2549 839 equo
2583 770 2705 841 pe-

551 879 813 939 ractum
848 871 1112 940 calamo
1147 867 1503 952 remetiar,
1541 865 1777 937 multis
1805 887 1937 956 ego
1964 866 2366 959 regionibus
2393 869 2699 956 ambitiS,

553 989 889 1062 hodierno
922 990 1036 1061 die
1069 988 1492 1080 Lugdunum
1530 988 1840 1083 perveni.
1874 987 2136 1059 Nobilis
2172 1000 2242 1060 et
2272 988 2424 1082 ipsa
2456 993 2706 1062 Roma-

552 1137 799 1186 norum
825 1112 1091 1186 colonia
1112 1122 1223 1183 est
1249 1114 1750 1205 paululumque
1776 1111 2118 1184 vetustior
2129 1110 2527 1207 Agrippina.
2555 1116 2706 1186 Duo

554 1238 665 1309 hic
713 1238 856 1309 noti
908 1258 1151 1310 amnes
1193 1237 1262 1307 in
1310 1248 1626 1309 nostrum
1669 1260 1860 1308 mare
1899 1247 2286 1323 currenteS,
2325 1239 2703 1310 Rhodanus

553 1360 932 1456 Ararisque
964 1360 1418 1432 conveniunt:
1447 1362 1750 1431 Sonnam
1776 1360 2018 1431 incolae
2045 1362 2404 1454 appellant.
2442 1360 2581 1433 Sed
2615 1362 2704 1433 de

554 1484 664 1555 his
699 1484 866 1555 nihil
900 1485 1222 1577 amplius:
1259 1484 1471 1556 iuncti
1505 1483 1691 1555 enim
1726 1485 1816 1556 ad
1850 1494 1918 1555 te
1951 1494 2343 1578 properant,
2381 1485 2554 1556 alter
2589 1510 2705 1558 co-

555 1605 760 1698 genti,
803 1609 977 1677 alter
1016 1606 1252 1679 coacto
1289 1605 1562 1692 similis,
1591 1617 1661 1677 et
1693 1605 2148 1693 Avenionem‚
2178 1607 2300 1678 ubi
2326 1619 2393 1679 te
2418 1631 2601 1680 nunc
2625 1632 2703 1681 ac

555 1751 779 1819 genus
805 1729 1184 1802 humanum
1205 1732 1561 1801 Romanus
1577 1728 1893 1801 Pontifex
1907 1728 2188 1814 detinet,
2205 1730 2567 1823 permixtis
2580 1753 2705 1803 va-

553 1850 663 1923 dis
690 1851 996 1924 abluunt.
1026 1854 1177 1924 Huc
1202 1876 1336 1946 ego
1360 1875 1519 1925 oum
1545 1874 1749 1924 mane
1774 1852 2256 1944 pervenissem
2274 1909 2289 1938 ,
2326 1865 2397 1925 et
2429 1853 2706 1926 intranti

554 1976 728 2046 forte
754 1976 1108 2049 familiaris
1137 1976 1248 2049 hic
1277 1987 1437 2048 tuus
1464 1974 1899 2060 occurrisset,
1929 1975 2113 2047 mille
2136 1998 2297 2047 eum
2322 1978 2709 2070 quaestiun-

556 2099 730 2170 culis
770 2100 871 2194 (ut
918 2122 1070 2171 mos
1122 2109 1234 2170 est
1283 2122 1582 2192 peregre
1632 2099 2095 2195 redeuntium)
2149 2099 2537 2192 aggredior.
2591 2101 2708 2171 Ille

556 2232 786 2292 autem
845 2220 1014 2292 nihil
1070 2219 1162 2291 ad
1223 2220 1516 2312 reliqua:
1580 2219 1708 2291 sed
1766 2224 2370 2314 praeclarissimum
2425 2225 2703 2294 fratrem

563 2355 776 2430 tuum,
817 2342 906 2415 ad
942 2364 1151 2436 quem
1187 2342 1495 2415 maxime
1530 2343 2015 2437 properabam,
2063 2345 2213 2418 sine
2261 2370 2374 2419 me
2423 2349 2706 2420 Romam

558 2468 839 2559 petiisse
877 2467 1203 2538 narravit.
1243 2467 1396 2550 Quo
1421 2467 1681 2552 audito,
1710 2468 2069 2560 quaerendi
2100 2471 2566 2565 veniendique
2598 2495 2709 2544 ar-

555 2589 684 2657 dor
716 2595 997 2678 repente
1032 2586 1399 2659 deferbuit.
1437 2589 1562 2658 Hic
1595 2589 1804 2679 igitur
1828 2603 2202 2685 expectare
2227 2592 2298 2662 in
2323 2593 2553 2665 animo
2578 2605 2704 2679 est,

554 2708 778 2779 donee
808 2719 881 2780 et
911 2719 1124 2781 aestas
1161 2709 1312 2803 ipsa
1345 2710 1730 2794 deferveat,
1761 2733 1970 2802 quam
1994 2713 2358 2804 hueusque
2383 2736 2521 2784 non
2547 2735 2707 2784 sen-

557 2851 811 2916 seram,
850 2842 921 2902 et
951 2854 1062 2903 me
1095 2830 1520 2924 vegetiorem
1576 2830 1773 2925 quies
1834 2831 2061 2915 faciat,
2115 2830 2235 2922 qui
2283 2852 2394 2901 me
2443 2832 2705 2901 fessum

554 2975 716 3025 esse
749 2954 881 3026 hoc
913 2954 1067 3048 ipso
1101 2954 1398 3048 primum
1434 2956 1762 3046 loquente
1793 2952 2143 3047 perpendi.
2178 2953 2377 3023 Nulla
2426 2949 2704 3044 quidem

557 3077 864 3169 fatigatio
899 3078 1118 3150 maior
1152 3101 1361 3171 quam
1397 3077 1606 3149 animi
1641 3086 1775 3148 est:
1810 3075 2000 3168 quod
2051 3075 2112 3145 si
2163 3074 2409 3167 reliqui
2444 3073 2706 3144 itineris

562 3192 840 3263 taedium
871 3191 1189 3276 subierit,
1228 3192 1613 3264 Rhodanus
1646 3191 1813 3262 mihi
1846 3213 1972 3285 pro
2004 3190 2324 3263 vehiculo
2347 3191 2499 3262 erit.
2529 3191 2712 3260 Inte-

557 3316 688 3388 rim
722 3324 801 3386 ut
832 3314 1022 3388 noris
1060 3315 1180 3387 ubi
1215 3338 1401 3401 sum,
1437 3316 1592 3387 haec
1627 3314 1750 3386 tibi
1779 3314 2147 3387 festinante
2196 3314 2437 3386 nuntio
2487 3325 2713 3385 trans-

559 3463 841 3513 currere
878 3438 1015 3535 (sic)
1053 3463 1193 3512 non
1226 3439 1468 3534 piguit.
1505 3442 1607 3511 De
1639 3443 1850 3512 fratre
1899 3440 2063 3512 item
2114 3449 2249 3520 tuo,
2304 3438 2482 3509 duce
2531 3438 2711 3524 olim,

559 3587 743 3638 nunc
781 3563 895 3659 (da
927 3563 1148 3638 dolori
1182 3561 1485 3657 veniam)
1523 3563 1883 3635 desertore
1931 3585 2117 3648 meo,
2172 3584 2517 3654 nusquam
2554 3559 2714 3631 alibi

560 3710 769 3778 quam
805 3689 993 3781 apud
1025 3687 1256 3783 ipsum
1293 3688 1624 3781 conqueri
1658 3687 1891 3759 visum
1934 3698 2064 3759 est.
2101 3687 2325 3770 Quam
2362 3685 2712 3777 querelam

564 3817 641 3877 ut
674 3809 808 3879 sihi
841 3834 1053 3903 quam
1088 3812 1386 3904 primum
1421 3811 1598 3883 mitti
1632 3810 1876 3884 iubeas
1910 3821 2148 3883 oratus
2180 3807 2406 3904 facito.
2444 3809 2531 3879 Et
2557 3805 2714 3877 vale

565 3927 782 3998 nostri
818 3953 1103 4004 memor.

852 4066 1136 4138 Lugduni,
1167 4073 1214 4126 V
1244 4074 1376 4129 Idus
1405 4074 1657 4144 Augusti.
