3104 4805
540 355 654 418 1222
1212 368 1293 415 DE
1337 368 1540 416 aeuus
1586 366 2031 415 mundissimus

539 526 612 589 et
649 513 936 587 abiectis
963 514 1456 607 voluptatibus,
1495 516 1736 586 volare
1772 514 1976 586 altius
2012 513 2364 607 inceperit.
2392 515 2451 585 Ο
2478 516 2708 587 virum

539 638 978 722 ineffabilem,
1024 636 1456 730 dignumque
1504 658 1716 729 quem
1783 637 2024 709 Cicero
2070 636 2221 729 ipse
2280 658 2408 730 pro
2459 637 2708 709 rostris

540 764 799 847 laudet,
867 762 1119 852 cuique
1180 760 1454 854 publice
1522 770 1759 851 grates
1824 769 2030 851 agat,
2101 761 2293 851 quod
2341 760 2517 832 inter
2567 770 2708 833 tam

540 887 794 956 multos
834 883 1169 975 ingratoS‚
1214 906 1398 956 unus
1441 883 1609 955 velit
1648 903 1809 954 esse
1849 881 2334 974 gratissimus!
2381 884 2439 953 Ο
2478 883 2709 955 virum

537 1005 907 1098 magnifice
969 1006 1332 1090 humilem,
1400 1015 1472 1077 et
1534 1004 1890 1077 humiliter
1927 1007 2327 1078 excelsum!
2392 1028 2533 1078 non
2591 1006 2711 1099 qui

540 1129 784 1202 alienis
824 1129 1080 1222 plumis
1121 1138 1411 1201 ornatus
1464 1126 1870 1201 auctoribus
1911 1126 2022 1200 his
2063 1127 2379 1212 insultet;
2422 1128 2552 1201 sed
2589 1127 2713 1221 qui

539 1252 676 1324 iam
718 1250 1134 1323 Christianae
1184 1249 1542 1343 religionis
1583 1249 1972 1322 fluitantem
2012 1249 2296 1343 puppim
2330 1250 2511 1321 inter
2559 1249 2712 1321 hae-

542 1375 914 1446 reticorum
967 1374 1291 1465 scopulos
1343 1394 1594 1464 agens,
1648 1370 2162 1467 praesentisque
2209 1369 2711 1461 magnitudinis

545 1495 695 1567 sine
734 1494 1129 1587 arrogantia
1179 1494 1312 1565 sihi
1352 1494 1716 1578 conscius,
1761 1493 2128 1566 veritatem
2177 1490 2711 1587 primordiorum

548 1638 835 1688 suorum
880 1625 951 1688 et
1013 1616 1498 1690 adolescentiae
1563 1616 1956 1688 rudimenta
2023 1623 2557 1698 commemoret,
2608 1623 2707 1697 et,

545 1738 786 1811 doctor
826 1748 1061 1812 tantus
1102 1740 1455 1825 Ecclesiae,
1485 1761 1626 1811 non
1650 1738 2023 1811 erubescat
2055 1738 2386 1809 ducatum
2419 1734 2715 1830 Arpina-

549 1861 636 1932 tis
678 1861 1004 1949 hominis,
1050 1863 1213 1936 licet
1243 1861 1378 1934 alio
1403 1860 1773 1936 tendentis.
1803 1862 1941 1948 Cur
1966 1871 2195 1933 autem
2223 1858 2715 1932 erubesceret?

545 1988 763 2060 Nemo
802 1986 954 2059 dux
996 1986 1435 2083 spernendus
1483 1996 1625 2072 est,
1679 1987 1799 2080 qui
1851 1985 2039 2057 viam
2092 1983 2336 2055 salutis
2386 1980 2712 2053 ostendit.

545 2097 731 2193 Quid
779 2131 949 2201 ergo
1005 2110 1238 2181 studio
1277 2110 1597 2181 veritatis
1636 2109 1889 2182 obesse
1926 2116 2156 2201 potest
2204 2108 2320 2177 vel
2358 2106 2550 2177 Plato
2601 2104 2717 2176 vel

548 2234 835 2305 Cicero?
900 2232 1214 2315 Quorum
1267 2230 1554 2310 alterius
1624 2231 1864 2302 schola
1928 2230 2134 2303 fidem
2203 2251 2526 2301 veracem
2576 2248 2717 2298 non

547 2354 755 2427 modo
831 2374 971 2425 non
1050 2351 1462 2446 impugnat,
1554 2351 1682 2425 sed
1760 2352 1964 2425 docet
2042 2361 2115 2424 et
2187 2351 2565 2445 praedicat;
2619 2351 2720 2421 al-

547 2476 764 2546 terius
830 2473 987 2545 libri
1039 2475 1206 2546 recti
1245 2474 1337 2546 ad
1400 2476 1588 2545 illam
1630 2474 1898 2548 itineris
1939 2473 2158 2545 duces
2205 2478 2410 2547 sunt?
2449 2472 2714 2546 Eadem

546 2603 618 2667 et
653 2594 742 2666 de
781 2595 934 2665 aliis
971 2593 1108 2666 dici
1140 2604 1452 2690 possent,
1493 2597 1847 2690 sed'piget
1879 2595 1947 2666 in
1982 2618 2057 2667 re
2093 2596 2461 2668 notissima
2501 2605 2719 2668 testes

549 2738 1023 2811 supervacuos
1086 2719 1518 2810 conquirere.
1562 2718 1707 2789 Nec
1759 2728 1988 2789 tamen
2054 2717 2212 2789 ideo
2277 2716 2714 2806 negaverim,

547 2841 764 2911 multa
803 2839 989 2933 apud
1028 2839 1182 2912 illos
1222 2861 1406 2924 esse,
1443 2860 1606 2933 quae
1631 2838 1837 2911 vitari
1876 2846 2219 2930 oporteat:
2247 2859 2408 2908 cum
2434 2844 2504 2906 et
2527 2838 2720 2928 apud

547 2973 824 3035 nostros
863 2964 1193 3056 quaedam
1246 2963 1385 3035 sint
1430 2963 1824 3056 periculosa
1872 2956 2167 3028 incautis
2196 3013 2212 3041 ‚
2267 2965 2339 3027 et
2380 2956 2719 3044 Augusti-

550 3111 686 3161 nus
729 3090 910 3181 ipse,
968 3086 1039 3158 in
1092 3086 1397 3180 quodam
1462 3104 1763 3178 operoso
1805 3081 2187 3165 volumine,
2231 3078 2320 3150 de
2360 3074 2716 3149 uberrima

550 3232 784 3284 messe
827 3211 1218 3284 studiorum
1262 3231 1549 3282 suorum
1590 3204 2124 3295 intemascentis
2170 3202 2430 3274 erroris
2480 3198 2717 3270 lolium

551 3332 832 3426 proprio
879 3332 1124 3427 pollice
1175 3333 1519 3425 decerpat.
1572 3330 1760 3415 Quid
1808 3331 2026 3420 ergo?
2075 3330 2259 3398 Rara
2333 3322 2536 3396 lectio
2580 3332 2723 3395 fest

551 3477 714 3549 quae
764 3454 1070 3548 periculo
1120 3465 1352 3539 vacet,
1406 3454 1542 3525 nisi
1596 3453 1854 3545 legenti
1905 3453 2032 3521 lux
2085 3449 2346 3523 divinae
2403 3442 2720 3520 veritatis

552 3578 917 3664 affulserit,
964 3578 1134 3671 quid
1177 3578 1617 3672 sequendum
1657 3573 2236 3649 declinandumve
2275 3573 2559 3645 docens,
2602 3568 2723 3638 Illa

555 3712 785 3774 autem
810 3702 1007 3785 duce,
1043 3723 1290 3773 secura
1327 3711 1490 3773 sunt
1523 3699 1786 3782 omnia;
1814 3709 1884 3769 et
1910 3717 2073 3792 quae
2099 3716 2352 3769 nocere
2379 3698 2718 3787 poterant,

557 3823 692 3893 iam
722 3825 1044 3919 Syrtibus
1072 3822 1526 3920 etCharybdi,
1549 3832 1670 3893 aut
1693 3820 1979 3893 famosis
2007 3820 2080 3889 in
2105 3822 2242 3890 alto
2270 3814 2574 3909 scopulis
2601 3834 2726 3883 no-

562 3944 732 4014 tiora
774 3957 955 4017 sunt.
1001 3949 1089 4019 Ut
1128 3969 1299 4019 vero
1341 3947 1478 4019 iam
1520 3945 1800 4019 tandem
1840 3944 2004 4015 huic
2036 3942 2324 4015 lascivae
2357 3934 2726 4013 calumniae

560 4064 721 4135 finis
765 4065 911 4154 fiat,
956 4093 1213 4142 verone
1256 4094 1344 4144 an
1386 4074 1563 4143 falso
1604 4068 2078 4162 Augustinum
2114 4065 2347 4138 animo
2378 4059 2723 4151 complec-

561 4197 683 4271 tar,
700 4185 850 4278 ipse
879 4190 1396 4277 novit.Etenim‚
1439 4191 1557 4263 ubi
1586 4213 1715 4263 nec
1747 4193 1979 4264 fallere
2009 4192 2159 4261 vult
2181 4186 2574 4279 quisquam,
2592 4200 2724 4250 nec
