3104 4805
572 392 689 453 110
1243 403 1324 450 m:
1368 404 1569 452 nunus
1613 403 2054 453 Fammamssus

572 547 807 617 vultus
842 568 968 638 pro
1007 545 1472 640 praesentibus
1516 547 1951 618 habeamus?
1991 545 2198 639 Apud
2237 549 2519 620 Poetam
2564 553 2752 622 scri-²

571 679 763 761 ptum
802 678 954 739 est:
991 668 1263 738 Haerent
1297 669 1501 762 infimi
1535 681 1794 762 pectore
1833 672 2054 740 vultus
2098 673 2458 762 verbaque;
2501 684 2572 744 et
2609 676 2736 745 ite-

574 815 757 862 rum:
783 791 1126 862 Absentem
1158 792 1390 862 absens
1422 791 1732 884 auditque
1765 792 2083 886 videtque.
2119 796 2308 887 Ergo
2344 796 2631 868 insanus
2666 806 2738 867 et

571 914 947 987 obscoenus
991 936 1186 986 amor
1225 915 1357 986 hoc
1396 915 1670 1008 poterit,
1716 915 1874 1010 pius
1918 940 2000 988 ac
2043 917 2318 989 sobrius
2360 941 2497 990 non
2546 929 2739 1012 pote-

574 1038 704 1109 rit‘?
746 1040 891 1112 Imo
930 1061 1102 1111 vero
1142 1042 1359 1110 multo
1399 1040 1696 1132 amplius
1737 1042 1981 1113 eodem
2023 1052 2226 1134 poeta
2266 1043 2564 1115 dicente:

822 1277 842 1299 ‚
894 1215 1047 1276 Ante
1088 1214 1256 1276 leves
1292 1230 1439 1293 ergo
1475 1221 1799 1294 pascentur
1833 1217 1896 1278 in
1929 1217 2154 1280 aethere
2188 1216 2389 1291 cervi,

893 1315 966 1377 Et
998 1315 1150 1376 freta
1184 1315 1507 1378 destituent
1535 1318 1731 1380 nudos
1765 1316 1825 1378 in
1868 1316 2046 1379 litore
2080 1318 2310 1397 pisces;

897 1412 1080 1487 Ante,
1115 1414 1445 1492 pererratis
1479 1416 1806 1479 amborum
1840 1419 2093 1493 finibuS,
2132 1419 2300 1492 exul,

899 1511 1021 1572 Aut
1053 1511 1297 1574 Ararim
1332 1514 1586 1578 Parthus
1625 1516 1818 1591 hibet,
1854 1523 1958 1578 aut
1992 1515 2308 1579 Germania
2346 1515 2607 1594 Tigrim,

900 1610 1096 1682 Quam
1132 1620 1344 1675 nostro
1380 1613 1541 1677 illius
1574 1616 1811 1678 labatur
1843 1622 2089 1694 pectore
2126 1617 2349 1678 vultus,

580 1791 840 1862 Laelius
882 1791 1033 1886 ipse
1073 1792 1162 1864 de
1211 1793 1637 1865 amicissimo
1687 1793 1841 1865 v-iro
1891 1795 2208 1885 loquens,
2267 1794 2428 1864 vide
2487 1794 2741 1888 quibus

583 1915 819 1986 verbis
874 1927 1138 1989 utatur:
1189 1916 1534 2001 Virtutem,
1587 1917 1830 2011 inquit,
1885 1918 2065 1986 illius
2116 1919 2252 1987 viri
2296 1920 2549 2001 amavi,
2601 1940 2744 2008 quse

583 2041 883 2109 emtincta
907 2063 1043 2110 non
1084 2049 1197 2110 est.
1244 2040 1345 2111 Tu
1387 2063 1603 2133 quare
1629 2063 1768 2111 non
1794 2039 2003 2112 dicis:
2040 2041 2370 2112 virtutem
2409 2039 2590 2110 illius
2628 2049 2746 2111 aut

585 2162 856 2234 illorum
898 2182 1078 2244 amo,
1124 2179 1283 2251 quae
1324 2160 1583 2232 absens
1625 2172 1746 2233 aut
1794 2164 2173 2257 longinqua
2224 2185 2363 2234 non
2414 2170 2565 2246 est,
2623 2159 2746 2231 sed

585 2295 743 2356 ante
782 2285 1016 2355 oculos
1059 2303 1251 2353 meos
1295 2283 1483 2353 omni
1525 2294 1829 2375 tempore
1869 2294 2218 2370 versatur,
2262 2296 2333 2357 et
2372 2285 2441 2355 in
2483 2284 2747 2354 honore

587 2429 866 2498 semper
904 2406 1037 2477 erit
1087 2405 1271 2499 apud
1324 2410 1485 2477 me‘?
1524 2406 1616 2478 At
1665 2406 2246 2479 iucundissimum
2286 2419 2424 2493 est,
2481 2408 2740 2479 amicos

586 2537 967 2620 praesentes
1010 2527 1296 2610 habere,
1343 2528 1591 2601 intueri
1643 2533 1940 2600 frontem
1983 2541 2191 2623 atque
2230 2534 2507 2615 oculOS‚
2560 2530 2747 2601 vivis

586 2671 707 2721 eos
751 2649 1040 2721 vocibus
1084 2650 1368 2744 alloqui,
1413 2661 1484 2722 et
1521 2653 2054 2745 colloquentium
2109 2653 2406 2723 admotis
2458 2653 2748 2722 auribus

589 2772 802 2844 verba
854 2772 1229 2866 percipere.
1280 2775 1520 2866 Neque
1574 2775 1781 2857 enim,
1828 2771 1990 2865 quia
2038 2774 2110 2841 in
2164 2775 2293 2842 hac
2344 2795 2419 2843 re
2460 2772 2746 2864 poeticis

597 2897 1004 2968 testimoniis
1044 2897 1146 2969 uti
1187 2908 1415 2982 vacat,
1463 2897 1613 2968 sine
1653 2895 1950 2989 quadam
2006 2893 2218 2965 animi
2258 2891 2629 2963 dulcedine
2657 2895 2754 2961 le-

591 3019 841 3109 gimus,
871 3018 1225 3092 Anchisen
1267 3019 1387 3091 filii
1429 3041 1727 3091 occursu
1770 3020 2098 3101 alacrem,
2131 3013 2349 3085 tensis
2379 3012 2469 3084 ad
2495 3014 2748 3084 coelum

593 3144 839 3237 palmis
879 3154 951 3215 et
991 3143 1294 3236 profusis
1336 3144 1660 3227 lacrimis,
1707 3141 1963 3212 dicere:

1631 3339 1821 3402 Datur
1857 3355 1963 3402 ora
1998 3338 2189 3414 tueri,

920 3434 1096 3517 Nate,
1135 3448 1235 3503 tua
1251 3462 1269 3518 3
1306 3446 1366 3503 et
1407 3445 1580 3502 notas
1613 3439 1826 3503 audire
1861 3455 1929 3502 ac
1963 3440 2216 3502 reddere
2252 3454 2453 3500 voces,

596 3639 734 3710 Nec
766 3660 901 3730 ego
924 3637 1207 3730 quidem
1237 3634 1590 3721 adversor,
1621 3633 2096 3706 dulcissimam
2124 3656 2285 3705 esse
2319 3633 2756 3726 praesentiam

600 3761 1004 3833 amicorum:
1060 3760 1217 3853 quis
1268 3758 1450 3830 enim
1502 3758 1636 3828 hoc
1687 3757 2078 3848 negaverit,
2134 3757 2269 3828 nisi
2334 3756 2760 3827 inhumanus

604 3882 779 3952 idem
809 3907 891 3954 ac
914 3886 1148 3955 serus?
1183 3882 1320 3953 Sed
1353 3902 1479 3951 nec
1515 3889 1589 3950 tu
1628 3879 1794 3950 mihi
1829 3880 2141 3972 negabiS‚
2180 3879 2566 3952 absentiam
2591 3899 2764 3970 quo-

603 4025 738 4094 que
779 4027 945 4075 suas
986 4004 1243 4077 habere
1285 4005 1712 4097 voluptateS‚
1768 4003 1906 4074 nisi
1958 4014 2167 4076 totam
2222 4001 2539 4074 fortassis
2591 3997 2763 4070 ami-

602 4122 784 4198 citioe
837 4125 1443 4215 pulchritudinem,
1511 4146 1677 4217 quae
1729 4125 2064 4196 latissime
2115 4135 2329 4217 patet,
2383 4122 2471 4194 ad
2521 4123 2759 4192 oculos

605 4247 788 4318 solos
831 4245 1341 4338 restringimuS,
1387 4256 1458 4318 et
1501 4270 1542 4318 a
1583 4247 1751 4321 sede
1790 4247 1968 4332 eius,
2016 4268 2176 4339 quae
2219 4256 2330 4317 est
2373 4244 2441 4315 in
2484 4242 2756 4326 anim0‚
