3104 4805
866 395 1197 445 FRANGISCI
1243 397 1594 446 PETRARCAE
1637 397 1987 446 PRAEFA'rlo.
2425 387 2503 445 15

345 550 579 632 patum
646 537 934 620 hahuit;
1001 549 1071 609 et
1133 539 1289 610 licet
1352 540 1714 611 dulcedine
1775 562 1915 611 non
1979 562 2224 632 parva,
2295 552 2504 634 atque

343 683 578 732 amore
618 661 709 731 ad
748 661 1067 752 proprias
1109 661 1543 732 inventiones
1596 660 1805 731 insito
1857 662 2282 746 retraherer‚
2338 662 2506 733 vicit

347 793 573 853 tamen
599 780 903 852 charitas
931 781 1267 853 maiorum
1296 802 1613 873 operum,
1645 803 1806 874 quae
1835 781 1972 851 iam
1999 781 2259 853 diutius
2294 783 2506 853 inter-

345 913 575 994 rupta,
643 925 783 974 non
849 903 1000 972 sine
1064 903 1542 995 expectatione
1606 905 1978 974 multorum
2045 903 2133 972 de
2184 902 2503 973 manibus

346 1024 520 1094 meis
603 1025 922 1116 pendent.
1004 1024 1186 1095 Vicit
1262 1026 1645 1097 recordatio
1712 1024 1878 1095 vitae
1953 1024 2213 1095 brevis.
2285 1023 2505 1094 Timui

350 1145 612 1239 (fateor)
656 1145 969 1218 insidias.
1012 1146 1196 1229 Quid
1232 1147 1446 1230 enim,
1491 1169 1762 1239 quaeso,
1806 1146 2123 1236 fugacius
2163 1145 2310 1216 vita
2353 1148 2507 1216 est‘?

346 1267 530 1351 Quid
578 1277 799 1338 morte
848 1267 1217 1360 sequacius
1242 1271 1279 1336 ⁴?
1345 1267 1570 1338 Subiit
1617 1269 1925 1339 animum
1977 1290 2141 1361 quae
2175 1268 2507 1340 iecissem
2588 1314 2604 1325 -

347 1390 835 1461 fundamenta:
888 1390 1059 1482 quid
1097 1391 1265 1460 mihi
1304 1390 1650 1474 laborum,
1705 1390 2240 1482 vigiliarumque
2289 1399 2509 1460 resta-

351 1523 474 1581 ret.
520 1511 897 1582 Temeritas
957 1511 1098 1583 imo
1137 1534 1308 1582 vero
1364 1512 1637 1582 insania
1677 1512 1831 1582 visa
1868 1521 1979 1582 est
2017 1512 2088 1581 in
2130 1521 2270 1582 tam
2309 1510 2509 1581 brevi

348 1643 420 1702 et
458 1631 713 1702 incerto
754 1643 1061 1725 tempore
1098 1643 1200 1702 tot
1231 1634 1474 1722 longos
1507 1640 1873 1723 certosque
1904 1630 2178 1703 labores
2214 1633 2511 1723 amplec-

352 1754 446 1837 ti,
489 1763 561 1823 et
598 1753 726 1824 vix
765 1754 855 1824 ad
898 1753 1173 1845 singula
1214 1753 1663 1824 suffecturum
1713 1753 2067 1844 ingenium
2106 1753 2178 1822 in
2227 1753 2512 1824 diversa

352 1874 766 1959 distrahere,
818 1875 1208 1968 praesertim
1258 1899 1419 1947 cum
1472 1876 1576 1969 (ut
1622 1874 1863 1968 nosti),
1928 1874 2124 1946 labor
2173 1875 2349 1946 alius
2400 1897 2512 1945 me

354 2007 626 2067 maneat
668 2006 857 2068 tanto
896 1998 1320 2089 praeclarior,
1366 2007 1626 2089 quanto
1661 1998 1816 2088 plus
1861 1995 2104 2067 solidae
2144 1994 2371 2066 laudis
2405 2007 2515 2066 est

354 2116 429 2187 in
469 2118 851 2190 actionibus
892 2141 1103 2210 quam
1144 2118 1215 2188 in
1268 2118 1527 2188 verbis,
1581 2117 1766 2200 Quid
1817 2120 2032 2188 multa
2055 2119 2091 2184 ‘2
2140 2114 2516 2187 Incredibi-

358 2239 489 2309 lem
529 2243 702 2312 forte
741 2263 887 2311 rem
928 2240 1171 2312 audies
1199 2296 1215 2325 ,
1259 2261 1499 2310 veram
1542 2250 1814 2320 tamen3
1858 2237 2044 2307 mille
2084 2239 2193 2306 vel
2233 2258 2318 2308 eo
2366 2258 2513 2306 am-

360 2361 539 2453 plius
566 2421 582 2448 ,
629 2385 755 2435 seu
794 2364 1019 2436 omnis
1063 2363 1337 2456 generis
1381 2385 1627 2456 sparsa
1665 2372 2014 2455 poemata,
2060 2383 2185 2433 seu
2224 2359 2515 2432 familia-

358 2508 472 2556 res
510 2486 835 2577 epistolas
861 2542 876 2569 ,
921 2508 1062 2557 non
1101 2487 1265 2579 quia
1304 2485 1478 2554 nihil
1515 2486 1587 2554 in
1626 2484 1730 2555 eis
1764 2483 2163 2577 placuisset,
2202 2484 2328 2555 sed
2351 2483 2515 2576 quia

359 2608 520 2697 plus
560 2607 840 2696 negotii,
874 2628 1086 2699 quam
1129 2606 1503 2698 voluptatis
1538 2606 1787 2689 inerat,
1823 2606 2133 2675 Vulcano
2164 2604 2516 2695 corrigen-

360 2726 488 2798 das
530 2726 804 2810 tradidi,
847 2750 987 2798 non
1027 2728 1179 2798 sine
1218 2726 1522 2818 suspirio
1555 2724 1867 2816 quidem3
1908 2724 2080 2817 quid
2117 2724 2304 2795 enim
2345 2726 2518 2796 mol-

359 2848 566 2919 litiem
606 2848 801 2920 fateri
841 2849 1143 2940 pudeat?
1183 2848 1320 2919 Sed
1351 2857 1687 2939 occupato
1721 2846 1970 2928 animo,
2008 2844 2331 2936 quamvis
2376 2844 2517 2914 acri

362 2968 681 3054 remedi0‚
729 2970 1273 3041 succurrendum
1313 2980 1491 3053 erat,
1534 2979 1606 3038 et
1644 2978 1998 3058 tamquam
2036 2965 2109 3035 in
2149 2968 2286 3036 alto
2335 2984 2520 3056 prae-

361 3101 650 3180 gravata
673 3091 880 3162 navis
908 3092 1285 3163 relevanda
1308 3089 1806 3183 praeciosarum
1830 3087 2038 3158 etiam
2057 3086 2236 3157 iactu
2264 3108 2515 3156 rerum.

362 3214 705 3285 Caeterum
744 3213 879 3284 illis
919 3212 1351 3298 ardentibuS,
1395 3232 1619 3304 pauca
1650 3208 1931 3302 quidem
1967 3207 2423 3280 animadverti
2449 3208 2519 3278 in

361 3336 613 3424 angulo
678 3333 993 3418 iacentia,
1047 3355 1211 3426 quae
1268 3334 1382 3404 vel
1440 3354 1613 3404 casu
1663 3330 1887 3421 magis
1963 3351 2173 3422 quam
2231 3328 2521 3401 consilio

364 3465 661 3538 servata,
708 3458 822 3527 vel
861 3455 1127 3549 pridem
1180 3478 1222 3526 a
1260 3453 1714 3527 familiaribus
1768 3452 2179 3545 transcripta
2206 3506 2222 3535 ‚
2275 3460 2521 3521 cuncta

363 3576 662 3649 vincenti
705 3578 899 3648 senio
940 3577 1353 3649 restiterant.
1390 3577 1618 3647 Pauca
1656 3573 1837 3644 dixi:
1882 3594 2128 3643 vereor
2164 3592 2250 3643 ne
2288 3571 2521 3640 lectori

363 3699 605 3780 multa,
649 3684 969 3790 scriptori
1008 3709 1239 3768 autem
1282 3700 1485 3786 longe
1525 3694 1740 3766 nimia
1778 3691 2167 3765 videantur.
2226 3689 2350 3759 His
2390 3710 2522 3779 ego

365 3814 830 3905 indulgentior
854 3818 983 3889 fui:
1012 3817 1252 3889 vivere
1286 3837 1541 3908 passus
1585 3838 1774 3898 sum,
1818 3836 1959 3885 non
1998 3813 2270 3884 illorum
2297 3809 2525 3900 digni-

366 3936 515 4020 tati,
563 3937 687 4010 sed
728 3938 944 4011 labori
980 3960 1134 4011 meo
1167 3939 1561 4011 consulens.
1597 3935 1782 4006 Nihil
1814 3933 1999 4006 enim
2033 3931 2301 4024 negocii
2343 3951 2526 4024 prae-

365 4060 689 4134 serebant.
756 4064 863 4134 Ea
926 4085 1095 4134 vero
1144 4062 1439 4133 duorum
1493 4059 1872 4132 amicorum
1922 4054 2199 4128 libranti
2249 4050 2526 4143 ingenia

367 4183 494 4255 hac
532 4188 728 4257 lance
768 4183 1005 4276 partiri
1045 4183 1279 4258 visum
1318 4192 1452 4265 est,
1496 4192 1573 4253 ut
1613 4201 1820 4272 prosa
1863 4178 2014 4262 tibi,
2051 4198 2328 4248 carmen
2358 4174 2526 4244 Bar-
