<?xml version="1.0" encoding="UTF-8"?>
<!DOCTYPE html PUBLIC "-//W3C//DTD XHTML 1.0 Transitional//EN"
    "http://www.w3.org/TR/xhtml1/DTD/xhtml1-transitional.dtd">
<html xmlns="http://www.w3.org/1999/xhtml" xml:lang="en" lang="en">
 <head>
  <title>
</title>
<meta http-equiv="Content-Type" content="text/html;charset=utf-8" />
  <meta name='ocr-system' content='tesseract 3.04.00' />
  <meta name='ocr-capabilities' content='ocr_page ocr_carea ocr_par ocr_line ocrx_word'/>
</head>
<body>
  <div class='ocr_page' id='page_1' title='image "./epistolaederebu00unkngoog_0532.png"; bbox 0 0 3104 4805; ppageno 0'>
   <div class='ocr_carea' id='block_1_1' title="bbox 551 387 2032 449">
    <p class='ocr_par' dir='ltr' id='par_1_1' title="bbox 551 387 2032 449">
     <span class='ocr_line' id='line_1_1' title="bbox 551 387 2032 449; baseline -0.004 0"><span class='ocrx_word' id='word_1_1' title='bbox 551 387 669 449; x_wconf 74' lang='lat'>364</span> <span class='ocrx_word' id='word_1_2' title='bbox 1224 397 1306 444; x_wconf 74' lang='lat' dir='ltr'>nn</span> <span class='ocrx_word' id='word_1_3' title='bbox 1347 395 1548 445; x_wconf 72' lang='lat' dir='ltr'>assus</span> <span class='ocrx_word' id='word_1_4' title='bbox 1591 393 2032 445; x_wconf 58' lang='lat' dir='ltr'>rnmnmmsus</span> 
     </span>
    </p>
   </div>
   <div class='ocr_carea' id='block_1_2' title="bbox 546 538 2716 4318">
    <p class='ocr_par' dir='ltr' id='par_1_2' title="bbox 546 538 2716 4318">
     <span class='ocr_line' id='line_1_2' title="bbox 551 538 2709 637; baseline -0.003 -19"><span class='ocrx_word' id='word_1_5' title='bbox 551 548 758 620; x_wconf 85' lang='lat' dir='ltr'>tantis</span> <span class='ocrx_word' id='word_1_6' title='bbox 791 543 1145 617; x_wconf 79' lang='lat' dir='ltr'>laboribus</span> <span class='ocrx_word' id='word_1_7' title='bbox 1179 543 1529 637; x_wconf 88' lang='lat' dir='ltr'>tantisque</span> <span class='ocrx_word' id='word_1_8' title='bbox 1565 541 1888 635; x_wconf 89' lang='lat' dir='ltr'>periculis</span> <span class='ocrx_word' id='word_1_9' title='bbox 1927 541 2145 634; x_wconf 77' lang='lat' dir='ltr'>quaeri</span> <span class='ocrx_word' id='word_1_10' title='bbox 2183 542 2372 624; x_wconf 75' lang='lat' dir='ltr'>solet‚</span> <span class='ocrx_word' id='word_1_11' title='bbox 2414 538 2485 610; x_wconf 92' lang='lat' dir='ltr'>id</span> <span class='ocrx_word' id='word_1_12' title='bbox 2518 540 2709 612; x_wconf 91' lang='lat' dir='ltr'>obla-</span> 
     </span>
     <span class='ocr_line' id='line_1_3' title="bbox 551 665 2706 750; baseline -0.002 -11"><span class='ocrx_word' id='word_1_13' title='bbox 551 679 698 742; x_wconf 92' lang='lat' dir='ltr'>tum</span> <span class='ocrx_word' id='word_1_14' title='bbox 742 671 921 740; x_wconf 89' lang='lat' dir='ltr'>ultro</span> <span class='ocrx_word' id='word_1_15' title='bbox 965 676 1428 739; x_wconf 82' lang='lat' dir='ltr'>contemnere.</span> <span class='ocrx_word' id='word_1_16' title='bbox 1480 666 1649 737; x_wconf 82' lang='lat' dir='ltr'>Mox</span> <span class='ocrx_word' id='word_1_17' title='bbox 1699 665 2012 737; x_wconf 79' lang='lat' dir='ltr'>certatim</span> <span class='ocrx_word' id='word_1_18' title='bbox 2080 685 2451 735; x_wconf 87' lang='lat' dir='ltr'>oneramur</span> <span class='ocrx_word' id='word_1_19' title='bbox 2503 685 2706 750; x_wconf 80' lang='lat' dir='ltr'>auro,</span> 
     </span>
     <span class='ocr_line' id='line_1_4' title="bbox 550 787 2710 881; baseline -0.003 -16"><span class='ocrx_word' id='word_1_20' title='bbox 550 793 831 865; x_wconf 91' lang='lat' dir='ltr'>domum</span> <span class='ocrx_word' id='word_1_21' title='bbox 897 793 1072 862; x_wconf 90' lang='lat' dir='ltr'>clam</span> <span class='ocrx_word' id='word_1_22' title='bbox 1127 789 1306 862; x_wconf 89' lang='lat' dir='ltr'>taciti</span> <span class='ocrx_word' id='word_1_23' title='bbox 1370 788 1857 872; x_wconf 84' lang='lat' dir='ltr'>convehimuS,</span> <span class='ocrx_word' id='word_1_24' title='bbox 1922 787 2172 860; x_wconf 89' lang='lat' dir='ltr'>abditis</span> <span class='ocrx_word' id='word_1_25' title='bbox 2225 810 2350 881; x_wconf 89' lang='lat' dir='ltr'>pro</span> <span class='ocrx_word' id='word_1_26' title='bbox 2402 796 2710 881; x_wconf 91' lang='lat' dir='ltr'>tempore</span> 
     </span>
     <span class='ocr_line' id='line_1_5' title="bbox 551 911 2710 1015; baseline -0.001 -29"><span class='ocrx_word' id='word_1_27' title='bbox 551 936 712 1015; x_wconf 79' lang='lat' dir='ltr'>quae</span> <span class='ocrx_word' id='word_1_28' title='bbox 750 913 1103 1007; x_wconf 80' lang='lat' dir='ltr'>exportari</span> <span class='ocrx_word' id='word_1_29' title='bbox 1145 934 1282 983; x_wconf 91' lang='lat' dir='ltr'>uno</span> <span class='ocrx_word' id='word_1_30' title='bbox 1322 913 1509 984; x_wconf 83' lang='lat' dir='ltr'>fasce</span> <span class='ocrx_word' id='word_1_31' title='bbox 1549 934 1685 984; x_wconf 92' lang='lat' dir='ltr'>non</span> <span class='ocrx_word' id='word_1_32' title='bbox 1728 920 2064 1006; x_wconf 85' lang='lat' dir='ltr'>poterant.</span> <span class='ocrx_word' id='word_1_33' title='bbox 2109 911 2252 983; x_wconf 89' lang='lat' dir='ltr'>Hoc</span> <span class='ocrx_word' id='word_1_34' title='bbox 2294 913 2538 994; x_wconf 91' lang='lat' dir='ltr'>semel,</span> <span class='ocrx_word' id='word_1_35' title='bbox 2578 911 2710 983; x_wconf 90' lang='lat' dir='ltr'>hoc</span> 
     </span>
     <span class='ocr_line' id='line_1_6' title="bbox 550 1033 2710 1129; baseline -0.002 -21"><span class='ocrx_word' id='word_1_36' title='bbox 550 1039 797 1109; x_wconf 90' lang='lat' dir='ltr'>iterum</span> <span class='ocrx_word' id='word_1_37' title='bbox 849 1044 922 1106; x_wconf 91' lang='lat' dir='ltr'>et</span> <span class='ocrx_word' id='word_1_38' title='bbox 975 1035 1226 1107; x_wconf 89' lang='lat' dir='ltr'>iterum</span> <span class='ocrx_word' id='word_1_39' title='bbox 1269 1035 1584 1119; x_wconf 81' lang='lat' dir='ltr'>facimuS‚</span> <span class='ocrx_word' id='word_1_40' title='bbox 1629 1045 1700 1105; x_wconf 88' lang='lat' dir='ltr'>et</span> <span class='ocrx_word' id='word_1_41' title='bbox 1740 1056 2014 1129; x_wconf 91' lang='lat' dir='ltr'>semper</span> <span class='ocrx_word' id='word_1_42' title='bbox 2063 1033 2382 1105; x_wconf 89' lang='lat' dir='ltr'>avidius:</span> <span class='ocrx_word' id='word_1_43' title='bbox 2440 1054 2710 1126; x_wconf 88' lang='lat' dir='ltr'>semper</span> 
     </span>
     <span class='ocr_line' id='line_1_7' title="bbox 547 1157 2707 1251; baseline -0.001 -19"><span class='ocrx_word' id='word_1_44' title='bbox 547 1160 760 1244; x_wconf 89' lang='lat' dir='ltr'>enim,</span> <span class='ocrx_word' id='word_1_45' title='bbox 804 1167 882 1230; x_wconf 94' lang='lat' dir='ltr'>ut</span> <span class='ocrx_word' id='word_1_46' title='bbox 920 1169 1166 1230; x_wconf 88' lang='lat' dir='ltr'>natura</span> <span class='ocrx_word' id='word_1_47' title='bbox 1219 1180 1448 1230; x_wconf 91' lang='lat' dir='ltr'>rerum</span> <span class='ocrx_word' id='word_1_48' title='bbox 1516 1157 1756 1242; x_wconf 89' lang='lat' dir='ltr'>babet,</span> <span class='ocrx_word' id='word_1_49' title='bbox 1799 1181 1957 1229; x_wconf 90' lang='lat' dir='ltr'>cum</span> <span class='ocrx_word' id='word_1_50' title='bbox 2000 1158 2295 1251; x_wconf 90' lang='lat' dir='ltr'>pecunia</span> <span class='ocrx_word' id='word_1_51' title='bbox 2348 1157 2707 1230; x_wconf 85' lang='lat' dir='ltr'>solicitudo</span> 
     </span>
     <span class='ocr_line' id='line_1_8' title="bbox 546 1278 2711 1375; baseline -0.003 -22"><span class='ocrx_word' id='word_1_52' title='bbox 546 1281 1028 1375; x_wconf 84' lang='lat' dir='ltr'>cupiditasque</span> <span class='ocrx_word' id='word_1_53' title='bbox 1068 1278 1443 1351; x_wconf 87' lang='lat' dir='ltr'>crescebat.</span> <span class='ocrx_word' id='word_1_54' title='bbox 1481 1279 1671 1349; x_wconf 86' lang='lat' dir='ltr'>Ferit</span> <span class='ocrx_word' id='word_1_55' title='bbox 1707 1300 1915 1350; x_wconf 88' lang='lat' dir='ltr'>aures</span> <span class='ocrx_word' id='word_1_56' title='bbox 1950 1278 2224 1350; x_wconf 88' lang='lat' dir='ltr'>interim</span> <span class='ocrx_word' id='word_1_57' title='bbox 2260 1301 2572 1349; x_wconf 90' lang='lat' dir='ltr'>murmur</span> <span class='ocrx_word' id='word_1_58' title='bbox 2604 1279 2711 1348; x_wconf 92' lang='lat' dir='ltr'>in-</span> 
     </span>
     <span class='ocr_line' id='line_1_9' title="bbox 549 1401 2708 1495; baseline -0.002 -21"><span class='ocrx_word' id='word_1_59' title='bbox 549 1404 822 1486; x_wconf 88' lang='lat' dir='ltr'>visum;</span> <span class='ocrx_word' id='word_1_60' title='bbox 867 1410 1211 1474; x_wconf 88' lang='lat' dir='ltr'>secretum</span> <span class='ocrx_word' id='word_1_61' title='bbox 1251 1409 1593 1485; x_wconf 87' lang='lat' dir='ltr'>nostrum,</span> <span class='ocrx_word' id='word_1_62' title='bbox 1640 1402 1807 1472; x_wconf 91' lang='lat' dir='ltr'>nulli</span> <span class='ocrx_word' id='word_1_63' title='bbox 1846 1401 2008 1473; x_wconf 90' lang='lat' dir='ltr'>licet</span> <span class='ocrx_word' id='word_1_64' title='bbox 2047 1401 2411 1485; x_wconf 90' lang='lat' dir='ltr'>creditum,</span> <span class='ocrx_word' id='word_1_65' title='bbox 2466 1410 2708 1495; x_wconf 90' lang='lat' dir='ltr'>sponte</span> 
     </span>
     <span class='ocr_line' id='line_1_10' title="bbox 550 1524 2708 1620; baseline -0.001 -23"><span class='ocrx_word' id='word_1_66' title='bbox 550 1547 677 1597; x_wconf 89' lang='lat' dir='ltr'>sua</span> <span class='ocrx_word' id='word_1_67' title='bbox 716 1525 786 1596; x_wconf 92' lang='lat' dir='ltr'>in</span> <span class='ocrx_word' id='word_1_68' title='bbox 827 1526 1086 1618; x_wconf 88' lang='lat' dir='ltr'>vulgus</span> <span class='ocrx_word' id='word_1_69' title='bbox 1127 1536 1472 1616; x_wconf 85' lang='lat' dir='ltr'>eruperat.</span> <span class='ocrx_word' id='word_1_70' title='bbox 1513 1525 1655 1597; x_wconf 87' lang='lat' dir='ltr'>Nec</span> <span class='ocrx_word' id='word_1_71' title='bbox 1693 1525 1789 1597; x_wconf 89' lang='lat' dir='ltr'>ita</span> <span class='ocrx_word' id='word_1_72' title='bbox 1829 1528 2048 1597; x_wconf 91' lang='lat' dir='ltr'>multo</span> <span class='ocrx_word' id='word_1_73' title='bbox 2083 1534 2241 1620; x_wconf 90' lang='lat' dir='ltr'>post</span> <span class='ocrx_word' id='word_1_74' title='bbox 2280 1524 2515 1598; x_wconf 88' lang='lat' dir='ltr'>nescio</span> <span class='ocrx_word' id='word_1_75' title='bbox 2548 1524 2708 1618; x_wconf 90' lang='lat' dir='ltr'>quis</span> 
     </span>
     <span class='ocr_line' id='line_1_11' title="bbox 548 1645 2706 1733; baseline 0 -15"><span class='ocrx_word' id='word_1_76' title='bbox 548 1647 764 1721; x_wconf 90' lang='lat' dir='ltr'>maior</span> <span class='ocrx_word' id='word_1_77' title='bbox 798 1647 1122 1720; x_wconf 89' lang='lat' dir='ltr'>dominus</span> <span class='ocrx_word' id='word_1_78' title='bbox 1159 1650 1463 1719; x_wconf 91' lang='lat' dir='ltr'>locorum</span> <span class='ocrx_word' id='word_1_79' title='bbox 1499 1648 1766 1733; x_wconf 88' lang='lat' dir='ltr'>aderat,</span> <span class='ocrx_word' id='word_1_80' title='bbox 1804 1648 2169 1722; x_wconf 82' lang='lat' dir='ltr'>vindicans</span> <span class='ocrx_word' id='word_1_81' title='bbox 2190 1649 2338 1720; x_wconf 80' lang='lat' dir='ltr'>-sibi</span> <span class='ocrx_word' id='word_1_82' title='bbox 2372 1647 2524 1721; x_wconf 88' lang='lat' dir='ltr'>iure</span> <span class='ocrx_word' id='word_1_83' title='bbox 2560 1645 2706 1719; x_wconf 87' lang='lat' dir='ltr'>the-</span> 
     </span>
     <span class='ocr_line' id='line_1_12' title="bbox 549 1770 2708 1867; baseline -0 -25"><span class='ocrx_word' id='word_1_84' title='bbox 549 1792 855 1843; x_wconf 88' lang='lat' dir='ltr'>saurum.</span> <span class='ocrx_word' id='word_1_85' title='bbox 922 1770 1332 1843; x_wconf 90' lang='lat' dir='ltr'>Obnitimur.</span> <span class='ocrx_word' id='word_1_86' title='bbox 1397 1771 1574 1843; x_wconf 90' lang='lat' dir='ltr'>Hinc</span> <span class='ocrx_word' id='word_1_87' title='bbox 1637 1773 1936 1867; x_wconf 88' lang='lat' dir='ltr'>primum</span> <span class='ocrx_word' id='word_1_88' title='bbox 1996 1775 2205 1866; x_wconf 90' lang='lat' dir='ltr'>longa</span> <span class='ocrx_word' id='word_1_89' title='bbox 2253 1782 2325 1843; x_wconf 91' lang='lat' dir='ltr'>et</span> <span class='ocrx_word' id='word_1_90' title='bbox 2365 1772 2708 1845; x_wconf 89' lang='lat' dir='ltr'>inamoena</span> 
     </span>
     <span class='ocr_line' id='line_1_13' title="bbox 548 1894 2711 1989; baseline 0 -22"><span class='ocrx_word' id='word_1_91' title='bbox 548 1895 922 1988; x_wconf 89' lang='lat' dir='ltr'>colloquia,</span> <span class='ocrx_word' id='word_1_92' title='bbox 967 1894 1128 1966; x_wconf 93' lang='lat' dir='ltr'>inde</span> <span class='ocrx_word' id='word_1_93' title='bbox 1167 1895 1252 1965; x_wconf 92' lang='lat' dir='ltr'>lis</span> <span class='ocrx_word' id='word_1_94' title='bbox 1296 1895 1688 1988; x_wconf 82' lang='lat' dir='ltr'>minaeque3</span> <span class='ocrx_word' id='word_1_95' title='bbox 1731 1902 1803 1966; x_wconf 91' lang='lat' dir='ltr'>et</span> <span class='ocrx_word' id='word_1_96' title='bbox 1857 1918 2135 1989; x_wconf 88' lang='lat' dir='ltr'>semper</span> <span class='ocrx_word' id='word_1_97' title='bbox 2183 1895 2419 1968; x_wconf 89' lang='lat' dir='ltr'>litibus</span> <span class='ocrx_word' id='word_1_98' title='bbox 2481 1896 2711 1968; x_wconf 87' lang='lat' dir='ltr'>iuncta</span> 
     </span>
     <span class='ocr_line' id='line_1_14' title="bbox 548 2015 2707 2115; baseline -0.001 -25"><span class='ocrx_word' id='word_1_99' title='bbox 548 2017 891 2101; x_wconf 89' lang='lat' dir='ltr'>convicia,</span> <span class='ocrx_word' id='word_1_100' title='bbox 947 2016 1061 2088; x_wconf 92' lang='lat' dir='ltr'>illo</span> <span class='ocrx_word' id='word_1_101' title='bbox 1125 2017 1374 2088; x_wconf 88' lang='lat' dir='ltr'>acriter</span> <span class='ocrx_word' id='word_1_102' title='bbox 1437 2024 1755 2108; x_wconf 90' lang='lat' dir='ltr'>urgente,</span> <span class='ocrx_word' id='word_1_103' title='bbox 1815 2016 2015 2089; x_wconf 89' lang='lat' dir='ltr'>nobis</span> <span class='ocrx_word' id='word_1_104' title='bbox 2066 2015 2587 2115; x_wconf 77' lang='lat' dir='ltr'>indignantibus</span> <span class='ocrx_word' id='word_1_105' title='bbox 2641 2016 2707 2087; x_wconf 91' lang='lat' dir='ltr'>in</span> 
     </span>
     <span class='ocr_line' id='line_1_15' title="bbox 551 2140 2709 2237; baseline -0 -25"><span class='ocrx_word' id='word_1_106' title='bbox 551 2150 787 2214; x_wconf 89' lang='lat' dir='ltr'>nostro</span> <span class='ocrx_word' id='word_1_107' title='bbox 852 2149 1127 2235; x_wconf 87' lang='lat' dir='ltr'>reperta</span> <span class='ocrx_word' id='word_1_108' title='bbox 1191 2140 1394 2213; x_wconf 90' lang='lat' dir='ltr'>nobis</span> <span class='ocrx_word' id='word_1_109' title='bbox 1469 2140 1644 2234; x_wconf 87' lang='lat' dir='ltr'>eripi</span> <span class='ocrx_word' id='word_1_110' title='bbox 1740 2142 2059 2237; x_wconf 81' lang='lat' dir='ltr'>propitiae</span> <span class='ocrx_word' id='word_1_111' title='bbox 2138 2140 2318 2214; x_wconf 88' lang='lat' dir='ltr'>dona</span> <span class='ocrx_word' id='word_1_112' title='bbox 2395 2143 2709 2213; x_wconf 86' lang='lat' dir='ltr'>fortunae.</span> 
     </span>
     <span class='ocr_line' id='line_1_16' title="bbox 552 2263 2712 2349; baseline 0 -14"><span class='ocrx_word' id='word_1_113' title='bbox 552 2264 733 2336; x_wconf 86' lang='lat' dir='ltr'>Mille</span> <span class='ocrx_word' id='word_1_114' title='bbox 783 2263 1079 2336; x_wconf 87' lang='lat' dir='ltr'>subinde</span> <span class='ocrx_word' id='word_1_115' title='bbox 1143 2286 1376 2337; x_wconf 89' lang='lat' dir='ltr'>rerum</span> <span class='ocrx_word' id='word_1_116' title='bbox 1433 2274 1694 2348; x_wconf 85' lang='lat' dir='ltr'>motuS,</span> <span class='ocrx_word' id='word_1_117' title='bbox 1763 2273 1835 2336; x_wconf 90' lang='lat' dir='ltr'>et</span> <span class='ocrx_word' id='word_1_118' title='bbox 1899 2265 2082 2335; x_wconf 92' lang='lat' dir='ltr'>mille</span> <span class='ocrx_word' id='word_1_119' title='bbox 2147 2264 2462 2349; x_wconf 90' lang='lat' dir='ltr'>consilia,</span> <span class='ocrx_word' id='word_1_120' title='bbox 2530 2287 2712 2337; x_wconf 89' lang='lat' dir='ltr'>nunc</span> 
     </span>
     <span class='ocr_line' id='line_1_17' title="bbox 551 2388 2711 2472; baseline 0 -13"><span class='ocrx_word' id='word_1_121' title='bbox 551 2399 822 2461; x_wconf 90' lang='lat' dir='ltr'>matura</span> <span class='ocrx_word' id='word_1_122' title='bbox 862 2396 932 2460; x_wconf 91' lang='lat' dir='ltr'>et</span> <span class='ocrx_word' id='word_1_123' title='bbox 982 2395 1214 2472; x_wconf 87' lang='lat' dir='ltr'>cauta,</span> <span class='ocrx_word' id='word_1_124' title='bbox 1265 2412 1451 2460; x_wconf 91' lang='lat' dir='ltr'>nunc</span> <span class='ocrx_word' id='word_1_125' title='bbox 1515 2388 1881 2462; x_wconf 88' lang='lat' dir='ltr'>temeraria</span> <span class='ocrx_word' id='word_1_126' title='bbox 1922 2398 1994 2462; x_wconf 86' lang='lat' dir='ltr'>et</span> <span class='ocrx_word' id='word_1_127' title='bbox 2043 2388 2336 2472; x_wconf 89' lang='lat' dir='ltr'>acerba;</span> <span class='ocrx_word' id='word_1_128' title='bbox 2377 2411 2535 2461; x_wconf 89' lang='lat' dir='ltr'>cum</span> <span class='ocrx_word' id='word_1_129' title='bbox 2577 2388 2711 2462; x_wconf 90' lang='lat' dir='ltr'>iam</span> 
     </span>
     <span class='ocr_line' id='line_1_18' title="bbox 551 2509 2712 2606; baseline 0 -24"><span class='ocrx_word' id='word_1_130' title='bbox 551 2511 639 2582; x_wconf 89' lang='lat' dir='ltr'>ad</span> <span class='ocrx_word' id='word_1_131' title='bbox 688 2509 1156 2581; x_wconf 89' lang='lat' dir='ltr'>resistendum</span> <span class='ocrx_word' id='word_1_132' title='bbox 1205 2533 1333 2583; x_wconf 89' lang='lat' dir='ltr'>nos</span> <span class='ocrx_word' id='word_1_133' title='bbox 1388 2534 1524 2582; x_wconf 95' lang='lat' dir='ltr'>non</span> <span class='ocrx_word' id='word_1_134' title='bbox 1581 2518 1722 2583; x_wconf 83' lang='lat' dir='ltr'>tam</span> <span class='ocrx_word' id='word_1_135' title='bbox 1772 2522 2010 2585; x_wconf 88' lang='lat' dir='ltr'>nostra</span> <span class='ocrx_word' id='word_1_136' title='bbox 2066 2512 2447 2605; x_wconf 80' lang='lat' dir='ltr'>cupiditaS‚</span> <span class='ocrx_word' id='word_1_137' title='bbox 2501 2535 2712 2606; x_wconf 89' lang='lat' dir='ltr'>quam</span> 
     </span>
     <span class='ocr_line' id='line_1_19' title="bbox 548 2628 2709 2725; baseline 0.003 -25"><span class='ocrx_word' id='word_1_138' title='bbox 548 2628 995 2702; x_wconf 83' lang='lat' dir='ltr'>inexorabilis</span> <span class='ocrx_word' id='word_1_139' title='bbox 1063 2631 1449 2703; x_wconf 88' lang='lat' dir='ltr'>adversarii</span> <span class='ocrx_word' id='word_1_140' title='bbox 1517 2632 1822 2725; x_wconf 88' lang='lat' dir='ltr'>superba</span> <span class='ocrx_word' id='word_1_141' title='bbox 1886 2634 2178 2705; x_wconf 88' lang='lat' dir='ltr'>durities</span> <span class='ocrx_word' id='word_1_142' title='bbox 2234 2635 2709 2707; x_wconf 88' lang='lat' dir='ltr'>inflammaret.</span> 
     </span>
     <span class='ocr_line' id='line_1_20' title="bbox 550 2752 2712 2846; baseline 0.003 -23"><span class='ocrx_word' id='word_1_143' title='bbox 550 2755 690 2825; x_wconf 89' lang='lat' dir='ltr'>Iam</span> <span class='ocrx_word' id='word_1_144' title='bbox 731 2753 822 2824; x_wconf 90' lang='lat' dir='ltr'>ab</span> <span class='ocrx_word' id='word_1_145' title='bbox 861 2752 1009 2826; x_wconf 90' lang='lat' dir='ltr'>ocio</span> <span class='ocrx_word' id='word_1_146' title='bbox 1044 2754 1224 2824; x_wconf 89' lang='lat' dir='ltr'>ruris</span> <span class='ocrx_word' id='word_1_147' title='bbox 1268 2752 1353 2825; x_wconf 90' lang='lat' dir='ltr'>ad</span> <span class='ocrx_word' id='word_1_148' title='bbox 1396 2753 1662 2825; x_wconf 88' lang='lat' dir='ltr'>urbana</span> <span class='ocrx_word' id='word_1_149' title='bbox 1705 2754 2026 2846; x_wconf 90' lang='lat' dir='ltr'>negotia;</span> <span class='ocrx_word' id='word_1_150' title='bbox 2071 2755 2204 2827; x_wconf 88' lang='lat' dir='ltr'>iam</span> <span class='ocrx_word' id='word_1_151' title='bbox 2249 2779 2291 2826; x_wconf 91' lang='lat' dir='ltr'>a</span> <span class='ocrx_word' id='word_1_152' title='bbox 2333 2756 2581 2828; x_wconf 89' lang='lat' dir='ltr'>studiis</span> <span class='ocrx_word' id='word_1_153' title='bbox 2623 2759 2712 2829; x_wconf 88' lang='lat' dir='ltr'>ad</span> 
     </span>
     <span class='ocr_line' id='line_1_21' title="bbox 549 2874 2707 2966; baseline 0.002 -21"><span class='ocrx_word' id='word_1_154' title='bbox 549 2895 740 2945; x_wconf 88' lang='lat' dir='ltr'>arma</span> <span class='ocrx_word' id='word_1_155' title='bbox 807 2874 1151 2958; x_wconf 82' lang='lat' dir='ltr'>translati,</span> <span class='ocrx_word' id='word_1_156' title='bbox 1205 2875 1408 2947; x_wconf 89' lang='lat' dir='ltr'>novis</span> <span class='ocrx_word' id='word_1_157' title='bbox 1470 2897 1793 2947; x_wconf 90' lang='lat' dir='ltr'>curarum</span> <span class='ocrx_word' id='word_1_158' title='bbox 1863 2874 2255 2947; x_wconf 89' lang='lat' dir='ltr'>turbinibus</span> <span class='ocrx_word' id='word_1_159' title='bbox 2306 2876 2707 2966; x_wconf 89' lang='lat' dir='ltr'>agebamur.</span> 
     </span>
     <span class='ocr_line' id='line_1_22' title="bbox 550 2996 2709 3093; baseline 0 -25"><span class='ocrx_word' id='word_1_160' title='bbox 550 2998 694 3069; x_wconf 88' lang='lat' dir='ltr'>Iam</span> <span class='ocrx_word' id='word_1_161' title='bbox 743 3018 867 3090; x_wconf 91' lang='lat' dir='ltr'>pro</span> <span class='ocrx_word' id='word_1_162' title='bbox 906 2998 1283 3070; x_wconf 90' lang='lat' dir='ltr'>intentione</span> <span class='ocrx_word' id='word_1_163' title='bbox 1318 2997 1637 3093; x_wconf 82' lang='lat' dir='ltr'>pervigili</span> <span class='ocrx_word' id='word_1_164' title='bbox 1670 3007 1741 3069; x_wconf 91' lang='lat' dir='ltr'>et</span> <span class='ocrx_word' id='word_1_165' title='bbox 1772 2996 2214 3091; x_wconf 89' lang='lat' dir='ltr'>inquisitione</span> <span class='ocrx_word' id='word_1_166' title='bbox 2251 2997 2709 3091; x_wconf 89' lang='lat' dir='ltr'>pulcherrima</span> 
     </span>
     <span class='ocr_line' id='line_1_23' title="bbox 551 3119 2704 3214; baseline -0.001 -24"><span class='ocrx_word' id='word_1_167' title='bbox 551 3140 889 3191; x_wconf 88' lang='lat' dir='ltr'>novarum</span> <span class='ocrx_word' id='word_1_168' title='bbox 930 3140 1190 3204; x_wconf 86' lang='lat' dir='ltr'>rerum,</span> <span class='ocrx_word' id='word_1_169' title='bbox 1241 3142 1507 3214; x_wconf 84' lang='lat' dir='ltr'>pernox</span> <span class='ocrx_word' id='word_1_170' title='bbox 1546 3119 1780 3192; x_wconf 92' lang='lat' dir='ltr'>odium</span> <span class='ocrx_word' id='word_1_171' title='bbox 1817 3128 2026 3213; x_wconf 89' lang='lat' dir='ltr'>atque</span> <span class='ocrx_word' id='word_1_172' title='bbox 2066 3119 2167 3190; x_wconf 90' lang='lat' dir='ltr'>ira</span> <span class='ocrx_word' id='word_1_173' title='bbox 2205 3126 2704 3191; x_wconf 89' lang='lat' dir='ltr'>successerant.</span> 
     </span>
     <span class='ocr_line' id='line_1_24' title="bbox 552 3241 2714 3335; baseline 0.001 -22"><span class='ocrx_word' id='word_1_174' title='bbox 552 3244 910 3315; x_wconf 88' lang='lat' dir='ltr'>Postremo</span> <span class='ocrx_word' id='word_1_175' title='bbox 958 3241 1094 3313; x_wconf 91' lang='lat' dir='ltr'>iam</span> <span class='ocrx_word' id='word_1_176' title='bbox 1155 3264 1269 3314; x_wconf 90' lang='lat' dir='ltr'>res</span> <span class='ocrx_word' id='word_1_177' title='bbox 1321 3266 1362 3315; x_wconf 92' lang='lat' dir='ltr'>a</span> <span class='ocrx_word' id='word_1_178' title='bbox 1402 3243 1619 3335; x_wconf 88' lang='lat' dir='ltr'>litigio</span> <span class='ocrx_word' id='word_1_179' title='bbox 1659 3244 1750 3316; x_wconf 96' lang='lat' dir='ltr'>ad</span> <span class='ocrx_word' id='word_1_180' title='bbox 1801 3243 2059 3315; x_wconf 88' lang='lat' dir='ltr'>bellum</span> <span class='ocrx_word' id='word_1_181' title='bbox 2112 3266 2189 3315; x_wconf 90' lang='lat' dir='ltr'>se</span> <span class='ocrx_word' id='word_1_182' title='bbox 2228 3250 2565 3334; x_wconf 18' lang='lat' dir='ltr'>*verterat</span> <span class='ocrx_word' id='word_1_183' title='bbox 2609 3243 2714 3316; x_wconf 89' lang='lat' dir='ltr'>Ita</span> 
     </span>
     <span class='ocr_line' id='line_1_25' title="bbox 555 3365 2715 3460; baseline -0 -23"><span class='ocrx_word' id='word_1_184' title='bbox 555 3375 864 3440; x_wconf 87' lang='lat' dir='ltr'>mutatus</span> <span class='ocrx_word' id='word_1_185' title='bbox 905 3366 1290 3438; x_wconf 87' lang='lat' dir='ltr'>animorum</span> <span class='ocrx_word' id='word_1_186' title='bbox 1335 3374 1591 3453; x_wconf 89' lang='lat' dir='ltr'>status,</span> <span class='ocrx_word' id='word_1_187' title='bbox 1635 3375 1708 3437; x_wconf 93' lang='lat' dir='ltr'>et</span> <span class='ocrx_word' id='word_1_188' title='bbox 1758 3388 1950 3460; x_wconf 85' lang='lat' dir='ltr'>saepe</span> <span class='ocrx_word' id='word_1_189' title='bbox 2005 3365 2256 3460; x_wconf 90' lang='lat' dir='ltr'>reperti</span> <span class='ocrx_word' id='word_1_190' title='bbox 2305 3368 2452 3439; x_wconf 89' lang='lat' dir='ltr'>auri</span> <span class='ocrx_word' id='word_1_191' title='bbox 2494 3367 2715 3460; x_wconf 87' lang='lat' dir='ltr'>poeni-</span> 
     </span>
     <span class='ocr_line' id='line_1_26' title="bbox 557 3488 2716 3583; baseline -0.001 -21"><span class='ocrx_word' id='word_1_192' title='bbox 557 3489 765 3562; x_wconf 89' lang='lat' dir='ltr'>tebat.</span> <span class='ocrx_word' id='word_1_193' title='bbox 827 3488 1498 3583; x_wconf 90' lang='lat' dir='ltr'>Philosophabamur</span> <span class='ocrx_word' id='word_1_194' title='bbox 1538 3488 1606 3560; x_wconf 94' lang='lat' dir='ltr'>in</span> <span class='ocrx_word' id='word_1_195' title='bbox 1643 3488 2048 3561; x_wconf 89' lang='lat' dir='ltr'>insomniis:</span> <span class='ocrx_word' id='word_1_196' title='bbox 2103 3491 2223 3562; x_wconf 91' lang='lat' dir='ltr'>ubi</span> <span class='ocrx_word' id='word_1_197' title='bbox 2263 3491 2482 3561; x_wconf 88' lang='lat' dir='ltr'>vitam</span> <span class='ocrx_word' id='word_1_198' title='bbox 2525 3511 2716 3561; x_wconf 86' lang='lat' dir='ltr'>sere-</span> 
     </span>
     <span class='ocr_line' id='line_1_27' title="bbox 556 3611 2714 3706; baseline 0.001 -24"><span class='ocrx_word' id='word_1_199' title='bbox 556 3634 712 3684; x_wconf 89' lang='lat' dir='ltr'>nam</span> <span class='ocrx_word' id='word_1_200' title='bbox 785 3621 994 3705; x_wconf 88' lang='lat' dir='ltr'>atque</span> <span class='ocrx_word' id='word_1_201' title='bbox 1063 3611 1503 3705; x_wconf 88' lang='lat' dir='ltr'>tranquillam</span> <span class='ocrx_word' id='word_1_202' title='bbox 1584 3612 1913 3706; x_wconf 90' lang='lat' dir='ltr'>liquimus</span> <span class='ocrx_word' id='word_1_203' title='bbox 1939 3616 1977 3682; x_wconf 69' lang='lat' dir='ltr'>‘P</span> <span class='ocrx_word' id='word_1_204' title='bbox 2058 3613 2230 3698; x_wconf 89' lang='lat' dir='ltr'>Quis</span> <span class='ocrx_word' id='word_1_205' title='bbox 2308 3613 2511 3685; x_wconf 89' lang='lat' dir='ltr'>nobis</span> <span class='ocrx_word' id='word_1_206' title='bbox 2586 3612 2714 3684; x_wconf 90' lang='lat' dir='ltr'>has</span> 
     </span>
     <span class='ocr_line' id='line_1_28' title="bbox 556 3732 2716 3831; baseline 0 -25"><span class='ocrx_word' id='word_1_207' title='bbox 556 3755 881 3806; x_wconf 88' lang='lat' dir='ltr'>curarum</span> <span class='ocrx_word' id='word_1_208' title='bbox 950 3732 1441 3827; x_wconf 83' lang='lat' dir='ltr'>superinduxit</span> <span class='ocrx_word' id='word_1_209' title='bbox 1498 3734 1773 3806; x_wconf 75' lang='lat' dir='ltr'>nubes?</span> <span class='ocrx_word' id='word_1_210' title='bbox 1824 3736 1993 3821; x_wconf 89' lang='lat' dir='ltr'>Quis</span> <span class='ocrx_word' id='word_1_211' title='bbox 2060 3735 2129 3806; x_wconf 92' lang='lat' dir='ltr'>in</span> <span class='ocrx_word' id='word_1_212' title='bbox 2195 3735 2323 3808; x_wconf 88' lang='lat' dir='ltr'>has</span> <span class='ocrx_word' id='word_1_213' title='bbox 2379 3739 2716 3831; x_wconf 86' lang='lat' dir='ltr'>procellas</span> 
     </span>
     <span class='ocr_line' id='line_1_29' title="bbox 558 3854 2715 3952; baseline 0 -25"><span class='ocrx_word' id='word_1_214' title='bbox 558 3877 686 3927; x_wconf 91' lang='lat' dir='ltr'>nos</span> <span class='ocrx_word' id='word_1_215' title='bbox 757 3856 1095 3952; x_wconf 75' lang='lat' dir='ltr'>impegit?</span> <span class='ocrx_word' id='word_1_216' title='bbox 1165 3854 1274 3925; x_wconf 85' lang='lat' dir='ltr'>An</span> <span class='ocrx_word' id='word_1_217' title='bbox 1346 3854 1842 3949; x_wconf 88' lang='lat' dir='ltr'>ignorabamus</span> <span class='ocrx_word' id='word_1_218' title='bbox 1922 3855 1993 3927; x_wconf 90' lang='lat' dir='ltr'>in</span> <span class='ocrx_word' id='word_1_219' title='bbox 2067 3878 2239 3928; x_wconf 89' lang='lat' dir='ltr'>auro</span> <span class='ocrx_word' id='word_1_220' title='bbox 2325 3857 2715 3952; x_wconf 89' lang='lat' dir='ltr'>speciosam</span> 
     </span>
     <span class='ocr_line' id='line_1_30' title="bbox 560 3978 2715 4071; baseline 0.002 -24"><span class='ocrx_word' id='word_1_221' title='bbox 560 3998 969 4060; x_wconf 73' lang='lat' dir='ltr'>aerumnam,</span> <span class='ocrx_word' id='word_1_222' title='bbox 1031 3986 1103 4051; x_wconf 92' lang='lat' dir='ltr'>et</span> <span class='ocrx_word' id='word_1_223' title='bbox 1160 3978 1590 4071; x_wconf 88' lang='lat' dir='ltr'>splendidam</span> <span class='ocrx_word' id='word_1_224' title='bbox 1648 3998 1808 4049; x_wconf 88' lang='lat' dir='ltr'>esse</span> <span class='ocrx_word' id='word_1_225' title='bbox 1868 3978 2272 4049; x_wconf 73' lang='lat' dir='ltr'>miseriam?</span> <span class='ocrx_word' id='word_1_226' title='bbox 2314 3980 2715 4052; x_wconf 83' lang='lat' dir='ltr'>Necessitas</span> 
     </span>
     <span class='ocr_line' id='line_1_31' title="bbox 558 4099 2710 4193; baseline 0 -23"><span class='ocrx_word' id='word_1_227' title='bbox 558 4120 716 4170; x_wconf 92' lang='lat' dir='ltr'>cum</span> <span class='ocrx_word' id='word_1_228' title='bbox 756 4100 1017 4173; x_wconf 89' lang='lat' dir='ltr'>divitiis</span> <span class='ocrx_word' id='word_1_229' title='bbox 1051 4102 1327 4185; x_wconf 89' lang='lat' dir='ltr'>crescit,</span> <span class='ocrx_word' id='word_1_230' title='bbox 1373 4111 1444 4171; x_wconf 89' lang='lat' dir='ltr'>et</span> <span class='ocrx_word' id='word_1_231' title='bbox 1481 4099 1661 4193; x_wconf 82' lang='lat' dir='ltr'>fugit</span> <span class='ocrx_word' id='word_1_232' title='bbox 1691 4124 1850 4173; x_wconf 92' lang='lat' dir='ltr'>cnm</span> <span class='ocrx_word' id='word_1_233' title='bbox 1891 4101 2365 4175; x_wconf 82' lang='lat' dir='ltr'>mediocritate</span> <span class='ocrx_word' id='word_1_234' title='bbox 2404 4102 2710 4174; x_wconf 76' lang='lat' dir='ltr'>felicitas,</span> 
     </span>
     <span class='ocr_line' id='line_1_32' title="bbox 561 4219 2716 4318; baseline 0.001 -28"><span class='ocrx_word' id='word_1_235' title='bbox 561 4219 1030 4291; x_wconf 82' lang='lat' dir='ltr'>occurrebant</span> <span class='ocrx_word' id='word_1_236' title='bbox 1068 4222 1439 4294; x_wconf 87' lang='lat' dir='ltr'>acervatim</span> <span class='ocrx_word' id='word_1_237' title='bbox 1480 4226 1802 4315; x_wconf 85' lang='lat' dir='ltr'>exempla</span> <span class='ocrx_word' id='word_1_238' title='bbox 1840 4246 2113 4309; x_wconf 90' lang='lat' dir='ltr'>eorum,</span> <span class='ocrx_word' id='word_1_239' title='bbox 2157 4224 2307 4318; x_wconf 89' lang='lat' dir='ltr'>qui,</span> <span class='ocrx_word' id='word_1_240' title='bbox 2351 4226 2461 4297; x_wconf 88' lang='lat' dir='ltr'>vel</span> <span class='ocrx_word' id='word_1_241' title='bbox 2502 4224 2569 4295; x_wconf 95' lang='lat' dir='ltr'>in</span> <span class='ocrx_word' id='word_1_242' title='bbox 2609 4223 2716 4295; x_wconf 93' lang='lat' dir='ltr'>di-</span> 
     </span>
    </p>
   </div>
  </div>
 </body>
</html>
