3104 4805
945 435 1127 483 unt-:n
1147 420 1414 484 'miuus
1435 454 1514 466 —
1536 416 1841 485 Epis‘roLA
1883 438 1962 486 v1.
2440 429 2516 488 55

380 584 602 657 dentis
647 582 904 674 ingenii
942 583 1033 654 de
1073 584 1284 654 rebus
1317 582 1672 655 altissimis
1701 582 2007 654 vicissim
2031 593 2099 654 et
2122 584 2520 678 disputabat

378 718 445 778 et
482 704 851 778 scribebat.
895 704 1213 799 Alioquin
1246 705 1430 778 unde
1468 706 1679 777 huius
1731 717 1870 780 tam
1917 711 2130 780 multa
2167 710 2519 782 volumina

379 850 648 899 summo
688 826 943 912 studio,
985 837 1057 899 et
1090 828 1293 900 tantis
1332 828 1688 901 exhausta*
1715 828 2004 921 vigiliis,
2046 829 2226 901 inter
2271 834 2520 903 multo—

376 976 530 1023 rum
564 961 634 1023 et
669 952 1055 1045 praesertim
1097 950 1278 1022 illius
1318 952 1641 1023 fortunati
1675 951 1993 1044 discipuli
2028 975 2283 1044 graves
2318 976 2519 1025 occu-

377 1075 715 1167 potiones,
752 1085 823 1145 et
861 1076 933 1145 in
973 1083 1177 1146 aetate
1216 1098 1353 1147 non
1405 1076 1652 1167 longa?
1704 1074 2043 1168 siquidem
2094 1077 2275 1148 circa
2328 1078 2517 1149 illum

378 1198 562 1291 apud
605 1198 975 1290 scriptores
1015 1196 1364 1283 infamem,
1410 1198 1686 1269 tertium
1730 1198 1987 1270 scilicet
2036 1210 2107 1270 et
2161 1203 2522 1290 sexagesi-

380 1344 566 1394 mum
602 1321 765 1392 vitae
804 1342 1064 1391 annum
1097 1319 1493 1392 defunctum
1533 1321 1948 1413 accepimus.
1992 1321 2113 1393 Isti
2142 1332 2371 1394 autem
2396 1346 2522 1394 cur

380 1468 419 1517 a
456 1444 632 1517 duce
666 1467 795 1517 suo
829 1454 970 1515 tam
1011 1443 1272 1516 diversi
1317 1443 1614 1515 abeunt?
1664 1446 1830 1528 Cur,
1869 1466 2139 1537 quaeSO,
2186 1445 2525 1519 Aristote-

378 1569 543 1641 licos
597 1569 732 1641 dici
784 1570 1019 1640 iuvat?
1065 1578 1137 1640 et
1183 1590 1322 1640 non
1371 1569 1599 1662 potius
1649 1571 1904 1662 pudet?
1953 1570 2137 1641 Nihil
2184 1572 2277 1642 illi
2334 1583 2523 1644 tanto

379 1691 784 1784 philosopho
845 1690 1251 1763 fflssimilius
1300 1691 1581 1763 homine
1628 1692 1797 1762 nihil
1847 1692 2221 1778 scribente,
2275 1717 2520 1788 parum

378 1811 821 1903 intelligente,
858 1814 1295 1904 multumque
1331 1821 1402 1885 et
1433 1812 1761 1883 inutiliter
1786 1815 2144 1885 clamante.
2173 1814 2342 1897 Quis
2371 1815 2521 1886 illas

379 1934 969 2006 conclusiunculas
1010 1957 1148 2006 non
1188 1934 1435 2020 rideat,
1479 1935 1736 2029 quibus
1772 1935 2049 2007 litterati
2085 1937 2400 2008 homines
2446 1959 2524 2008 se

382 2056 584 2127 simul
615 2065 687 2127 et
718 2056 885 2128 alios
926 2057 1244 2150 fatigant:
1285 2057 1357 2127 in
1407 2057 1664 2151 quihus
1715 2081 1989 2130 omnem
2038 2068 2310 2130 aetatem
2361 2081 2526 2130 con-

380 2185 637 2248 terunt:
679 2179 932 2273 quippe
964 2179 1054 2251 ad
1093 2180 1226 2252 alia
1264 2180 1569 2266 inutileS,
1615 2181 1704 2253 ad
1748 2181 1880 2253 hoc
1913 2181 2141 2275 ipsum
2175 2181 2525 2275 praecipue

378 2302 720 2386 damnosi:
755 2304 984 2397 qualia
1025 2315 1189 2376 sunt
1224 2324 1387 2398 quae
1425 2329 1466 2377 a
1508 2306 1838 2378 Cicerone
1879 2315 1950 2378 et
1989 2328 2031 2377 a
2065 2306 2326 2377 Seneca
2373 2308 2527 2399 plu-

378 2427 570 2499 ribus
612 2427 779 2500 locis
821 2426 1241 2500 irridentur?
1279 2431 1495 2514 Quale
1533 2441 1646 2502 est
1684 2430 1852 2501 illud
1885 2430 2174 2522 Diogeni
2216 2432 2527 2523 proposi-

380 2560 549 2636 tum,
591 2573 802 2643 quem
842 2552 1006 2622 dum
1051 2553 1590 2625 contumeliosus
1632 2554 2029 2626 dialecticus
2070 2552 2311 2627 verbis
2334 2563 2528 2626 esset

377 2685 759 2765 aggressus
798 2673 932 2746 hoc
972 2675 1208 2746 modo:
1260 2673 1451 2762 Quod
1481 2698 1597 2766 eqo
1634 2698 1810 2760 sum,
1853 2675 1923 2747 id
1963 2687 2032 2746 tu
2069 2698 2207 2746 non
2256 2698 2352 2758 ex,-
2402 2699 2527 2748 an-

298 2841 303 2846 «
375 2796 783 2890 nuissetque
845 2797 1219 2890 Diogenes:
1271 2797 1385 2870 ille
1435 2799 1830 2871 subiunxit:
1883 2799 2094 2869 Homo
2140 2809 2362 2869 autem
2410 2821 2526 2890 eqo

373 2938 550 3000 sunu
591 2943 753 2991 cum
790 2918 864 2990 id
904 2920 1110 2993 etiam
1143 2943 1282 2993 non
1316 2931 1668 3015 negasset,
1725 2922 2234 2993 conclusionem
2286 2918 2526 2990 subin-

378 3041 526 3134 tulit
561 3042 952 3114 cavillator:
990 3042 1200 3113 Homo
1238 3045 1444 3136 iyitur
1484 3056 1558 3114 tu
1595 3066 1731 3113 non
1766 3066 1852 3113 es.
1906 3044 2307 3129 Enimver0,
2361 3040 2527 3112 Ulti-

374 3186 552 3235 mum
573 3166 710 3250 hoc,
738 3165 962 3257 inquit
986 3165 1345 3258 Diogenes,
1381 3169 1625 3258 salsum
1658 3177 1777 3237 est.-
1812 3178 1875 3236 et
1897 3166 1959 3236 si
1984 3188 2211 3236 verum
2231 3167 2382 3259 fieri
2401 3167 2522 3249 vis,

375 3308 419 3354 a
446 3309 550 3357 me
587 3289 825 3381 incipe.
867 3287 1086 3360 Multa
1126 3299 1291 3361 sunt
1328 3289 1399 3362 id
1432 3312 1652 3382 genus
1687 3290 2130 3384 perridicula,
2160 3291 2229 3361 in
2267 3289 2523 3383 quibus

379 3407 546 3499 quid
586 3420 926 3500 quaerant,
970 3413 1226 3482 famam
1270 3434 1360 3483 an
1400 3412 1998 3499 oblectamentum,
2039 3436 2128 3485 an
2162 3412 2336 3484 hene
2361 3412 2526 3481 bea-

378 3537 581 3620 teque
617 3530 900 3603 vivendi
938 3533 1327 3620 consilium,
1365 3534 1592 3605 sciunt
1632 3534 1762 3625 ipsi
1802 3533 2114 3617 forsitan,
2151 3532 2319 3602 mihi
2351 3529 2526 3600 nihil

379 3649 699 3740 ignotius.
752 3653 927 3724 Nam
977 3657 1245 3727 lucrum
1294 3655 1487 3728 haud
1552 3655 1762 3745 digna
1824 3654 2208 3725 studiorum
2260 3672 2524 3722 merces

380 3771 720 3847 nobilibus
773 3776 1064 3868 ingeniis
1114 3778 1336 3851 videri
1400 3776 1627 3850 debet.
1654 3775 2221 3848 Mechanicorum
2273 3780 2385 3844 est
2421 3775 2528 3843 lu-

377 3915 497 3966 cra
529 3906 841 3989 captare;
887 3900 1335 3975 honestarum
1389 3901 1641 3973 artium
1706 3898 2104 3991 generosior
2169 3896 2327 3970 finis
2392 3909 2520 3970 est.

377 4016 553 4088 Dum
596 4017 751 4090 haec
797 4020 1113 4110 audiunt,
1168 4024 1585 4095 irascuntur.
1632 4024 1761 4095 Est
1811 4021 1992 4093 enim
2045 4025 2188 4094 fere
2228 4023 2525 4094 multilo-

379 4139 611 4228 quium
654 4144 1061 4217 contentiosi
1099 4145 1397 4217 hominis
1448 4146 1825 4218 iracundiae
1871 4145 2285 4239 proximum.
2313 4147 2517 4237 Erg0,

380 4259 708 4353 inquiunt,
761 4266 1194 4338 dialecticam
1246 4275 1318 4336 tu
1365 4269 1806 4341 condemnas.
1867 4265 2094 4339 Absit:
2149 4267 2293 4338 scio
2340 4265 2521 4337 enim
