3104 4805
944 388 1126 435 mnan
1173 386 1910 446 QUARTUS.-EPISTOLA
1951 392 1990 438 1.
2426 379 2542 438 195

382 524 710 597 euntibus
750 525 1057 598 aderant.
1103 526 1262 598 Sola
1301 525 1501 600 nobis
1542 526 1867 599 obstabat
1916 538 2163 600 natura
2213 529 2363 602 loci.
2416 531 2545 602 Pa-

383 659 639 722 storem
682 656 954 721 exactae
993 649 1222 722 aetatis
1263 650 1443 722 inter
1481 672 1802 723 convexa
1838 650 2090 722 montis
2126 651 2540 738 invenimuS,

380 776 649 868 quinos
685 772 777 844 ab
810 794 1112 845 ascensu
1144 774 1499 846 retrahere
1541 774 1779 845 multis
1824 774 2061 845 verbis
2109 775 2362 847 enixus
2403 786 2540 861 est,

381 898 647 980 dicens,
695 917 774 969 se
813 907 975 968 ante
1015 917 1235 968 annos
1276 896 1782 989 quinquaginta
1807 897 2059 970 eodem
2085 897 2407 969 iuvenilis
2434 922 2541 971 ar-

380 1022 570 1094 doris
611 1022 873 1115 impetu
921 1043 1323 1113 supremum
1370 1020 1442 1090 in
1482 1020 1818 1091 verticem
1861 1021 2297 1105 ascendisse,
2345 1017 2546 1092 nihil-

382 1167 518 1237 que
559 1144 719 1217 inde
761 1144 1085 1215 retulisse
1118 1153 1375 1238 praeter
1409 1142 1881 1237 poenitentiam
1912 1152 1984 1214 et
2017 1142 2355 1229 laborem,
2392 1165 2547 1215 cor-

380 1289 653 1361 pusque
715 1276 786 1338 et
848 1268 1172 1339 amictum
1224 1268 1530 1337 lacerum
1583 1266 1776 1338 saxis
1843 1287 1925 1337 ac
1986 1265 2359 1364 vepribus3
2418 1290 2548 1339 nec

383 1411 686 1484 unquam
721 1399 842 1460 aut
875 1401 1035 1462 ante
1068 1387 1237 1459 illud
1272 1397 1546 1482 tempus
1584 1398 1705 1461 aut
1737 1398 1978 1483 postea
2010 1388 2326 1461 auditum
2360 1390 2547 1485 apud

382 1535 522 1598 eoS,
550 1535 978 1608 quemquam
1004 1536 1257 1585 ausum
1283 1534 1444 1584 esse
1472 1512 1740 1585 similia.
1770 1514 1936 1584 Haec
1963 1512 2077 1584 illo
2106 1513 2541 1599 vociferante,

381 1639 608 1724 nobiS,
664 1649 741 1710 ut
791 1647 956 1709 sunt
1017 1637 1227 1709 animi
1292 1637 1627 1710 iuvenum
1678 1635 2137 1708 monitoribus
2179 1636 2541 1722 increduli,

380 1760 737 1834 crescebat
783 1784 880 1833 ex
928 1760 1389 1855 prohibitione
1439 1759 1808 1854 cupiditas.
1861 1761 2102 1854 ltaque
2156 1783 2375 1834 senex
2428 1761 2546 1834 ubi

381 1883 869 1962 animadvertit
896 1906 971 1956 se
996 1884 1470 1976 nequidquam
1505 1883 1654 1966 niti,
1694 1883 2197 1975 aliquantulum
2222 1907 2545 1977 progres-

382 2029 523 2092 suS,
569 2007 748 2080 inter
797 2028 1012 2102 rupes
1062 2007 1356 2080 arduum
1409 2008 1653 2078 callem
1704 2005 1924 2098 digito
1974 2006 2177 2080 nobis
2218 2008 2540 2093 ostendit,

380 2134 596 2204 multa
635 2151 953 2215 monem,
999 2134 1354 2224 multaque
1396 2129 1530 2201 iam
1574 2128 1914 2222 digressis
1949 2151 1991 2199 a
2024 2138 2223 2223 tergo
2258 2130 2546 2223 ingemi-

377 2277 572 2327 nans.
625 2254 931 2326 Dimisso
980 2274 1199 2347 penes
1264 2252 1455 2323 illum
1524 2252 1585 2324 si
1651 2253 1820 2345 quid
1886 2253 2189 2325 vestium
2257 2263 2379 2325 aut
2442 2255 2544 2327 rei

376 2379 766 2472 cuiuspiam
807 2377 1298 2474 impedimento
1344 2384 1559 2462 esset,
1619 2376 1747 2448 soli
1808 2376 2180 2450 dumtaxat
2219 2378 2543 2451 ascensui

377 2502 830 2594 accingimur,
875 2507 1282 2597 alacresque
1324 2502 1876 2575 conscendimus.
1931 2502 2069 2577 Sed
2115 2502 2216 2597 (ut
2253 2506 2395 2576 fere
2438 2501 2541 2597 fit)

379 2626 726 2718 ingentem
752 2636 1074 2701 conatum
1103 2628 1313 2698 velox
1338 2628 1648 2719 fatigatio
1685 2626 2157 2720 subsequitur.
2193 2627 2341 2697 Non
2388 2649 2545 2720 pro-

379 2751 491 2820 cul
516 2749 677 2823 inde
710 2750 921 2843 igitur
953 2750 1256 2846 quadam
1293 2752 1361 2822 in
1399 2774 1570 2845 rupe
1599 2750 2072 2823 subsistimus.
2101 2750 2264 2822 Inde
2290 2750 2539 2823 iterum

378 2870 672 2963 digressi
703 2874 1178 2968 provehimur,
1209 2872 1336 2947 sed
1363 2874 1641 2959 lentiuS,
1670 2883 1740 2946 et
1764 2875 2154 2969 praesertim
2187 2897 2321 2966 ego
2347 2896 2543 2946 mon-

379 3004 614 3068 tanum
658 2997 788 3067 iter
829 3018 1080 3088 gressu
1117 2998 1254 3069 iam
1296 2997 1716 3069 modestiore
1765 2996 2158 3093 carpebam.
2200 2998 2291 3068 Et
2327 3000 2542 3070 frater

376 3118 889 3212 compendiaria
953 3117 1235 3212 quidem
1301 3120 1419 3191 via
1482 3142 1609 3212 per
1658 3118 1881 3212 ipsius
1932 3119 2097 3211 iuga
2146 3120 2398 3192 montis
2448 3119 2540 3191 ad

378 3240 618 3314 altiora
661 3240 1015 3325 tendebat,
1058 3264 1191 3333 ego
1233 3241 1501 3314 mollior
1542 3241 1633 3314 ad
1672 3242 1808 3315 ima
1862 3242 2233 3334 vergebam
2269 3270 2284 3312 :
2335 3264 2539 3315 revo-

377 3362 724 3454 cantique,
768 3371 839 3435 et
876 3363 1008 3434 iter
1057 3362 1315 3435 rectius
1367 3362 1779 3455 designanti,
1817 3363 2327 3460 respondebam
2381 3384 2539 3456 spe-

376 3506 531 3555 rare
572 3507 683 3557 me
725 3484 1011 3556 alterius
1053 3486 1289 3557 lateris
1329 3485 1701 3557 faciliorem
1744 3484 2032 3572 aditum,
2080 3509 2205 3559 nec
2252 3486 2536 3558 horrere

378 3607 759 3699 longiorem
824 3610 1040 3694 viam,
1113 3631 1236 3701 per
1284 3631 1494 3701 quam
1544 3607 1820 3703 planius
1875 3609 2288 3680 incederem.
2344 3609 2537 3679 Hanc

374 3731 897 3802 excusationem
949 3732 1252 3824 ignaviae
1289 3729 1855 3827 praetendebam:
1908 3729 2202 3824 aliisque
2235 3731 2370 3801 iam
2407 3752 2538 3802 ex—

374 3852 562 3923 celsa
602 3853 1025 3941 tenentibuS,
1071 3877 1195 3950 per
1227 3858 1449 3927 valles
1484 3853 1833 3939 errabam,
1869 3872 2026 3926 cum
2064 3853 2276 3926 nihilo
2311 3854 2537 3927 mitior

373 3974 648 4047 aliunde
691 3985 959 4068 pateret
996 4000 1349 4065 accessus,
1397 3978 1526 4051 sed
1565 3988 1635 4050 et
1674 3977 1790 4050 via
1837 3988 2211 4062 cresceret,
2262 3987 2334 4050 et
2382 3979 2537 4051 inu-

373 4096 510 4171 tilis
548 4098 748 4171 labor
799 4100 1336 4192 ingravesceret.
1390 4103 1681 4187 Interea,
1734 4125 1894 4173 cum
1944 4101 2079 4173 iam
2122 4102 2331 4177 taedio
2371 4124 2536 4174 con-

372 4221 619 4293 fectum
684 4223 1000 4315 perplexi
1067 4224 1335 4318 pigeret
1394 4225 1684 4310 erroriS‚
1756 4225 2031 4319 penitus
2098 4227 2235 4297 alta
2302 4236 2535 4319 petere
