3104 4805
508 367 584 428 3ss
1184 378 1263 425 na
1309 377 1510 425 nanus
1563 375 2000 424 muitumnus

509 519 960 594 succubuisse
994 519 1382 613 Scipionem
1426 476 1663 603 refert,
1704 518 1949 602 Maior,
1989 520 2233 613 inquit,
2270 521 2484 609 ,qloria
2523 516 2672 590 Sci-

499 645 741 738 pionis,
771 654 832 714 et
863 666 987 736 quo
1021 643 1252 727 maior,
1284 665 1357 712 eo
1385 644 1664 736 propior
1697 639 2004 713 invidioe:
2028 652 2099 713 et
2132 642 2364 713 statim
2398 654 2668 736 postea:

507 764 885 851 Accedebat,
928 765 1174 857 inquit,
1230 776 1291 834 et
1340 763 1565 834 aliud.-
1614 760 1848 858 Scipio
1888 763 2240 856 Africanus
2287 767 2423 835 iam
2462 787 2671 858 prope

507 913 762 961 annum
800 888 1122 959 decimum
1160 886 1457 960 assiduus
1496 890 1570 958 in
1613 890 1816 959 oculis
1857 890 2194 958 hominum
2237 891 2486 979 suerat,
2528 910 2673 982 quoe

507 1037 611 1084 res
657 1014 875 1084 minus
919 1010 1237 1083 verendos
1286 1033 1560 1103 myrtos
1607 1012 1901 1081 homines
1954 1014 2099 1105 ipsa
2142 1015 2440 1082 satietate
2485 1014 2667 1103 facit.

509 1139 598 1210 Et
634 1139 785 1209 haec
824 1138 1104 1232 quidem
1145 1137 1275 1207 ille.
1315 1138 1416 1206 Tu
1454 1158 1622 1206 vero
1661 1135 1773 1228 (ut
1817 1136 1951 1207 iam
1987 1134 2195 1208 finem
2228 1137 2505 1233 faciam)
2534 1142 2671 1211 for-

512 1274 745 1334 tunam
782 1274 968 1334 tuam
1010 1271 1199 1333 tanto
1239 1259 1485 1331 comite
1527 1258 1869 1343 solabere,
1906 1259 2445 1353 expectabisque
2485 1273 2671 1334 tran·
2723 1322 2728 1325 .

509 1384 810 1478 quimus,
840 1405 1105 1454 memor
1131 1392 1335 1453 vetus
1370 1382 1559 1475 apud
1584 1383 1902 1453 flaccum
1929 1381 2220 1454 verbum
2245 1404 2432 1454 esse:
2457 1384 2662 1476 quod,

513 1515 591 1575 ut
624 1505 814 1589 vina,
854 1504 954 1575 sic
987 1515 1300 1597 poemata
1332 1504 1619 1575 meliora
1652 1503 1802 1576 dies
1838 1503 2082 1575 reddit.
2120 1503 2322 1597 Apud
2352 1506 2665 1577 Plautum

515 1627 862 1720 aliquanto
907 1627 1285 1699 vetustius:
1329 1627 1439 1699 ille
1477 1627 1661 1698 enim
1705 1626 1828 1697 ait:

835 1827 953 1900 Qui
990 1836 1247 1892 utuntur
1282 1828 1426 1890 vino
1464 1835 1674 1890 vetere
1710 1827 2005 1907 sapientes
2038 1834 2213 1907 put0,

833 1929 907 1991 Et
940 1931 1047 2008 qui
1082 1929 1359 1993 lubenter
1394 1935 1633 1994 veteres
1669 1928 1995 2007 inspectant
2027 1928 2273 1991 fabulas.

529 2124 732 2208 Quod
764 2145 902 2195 non
936 2124 1167 2194 minus
1195 2122 1328 2216 ipsi
1355 2123 1598 2193 Flacco
1623 2123 1828 2195 bilem
1853 2124 2314 2197 commovisse
2340 2126 2670 2218 suspicor,

519 2269 728 2338 quam
762 2244 903 2329 tihi,
934 2253 1189 2314 tantam
1214 2263 1374 2313 esse
1401 2245 1769 2314 vetustatis
1797 2246 2279 2332 reverentiam,
2309 2256 2386 2316 ut
2415 2245 2671 2316 crimen

521 2372 726 2462 longo
753 2388 1071 2439 sermone
1094 2366 1536 2460 purgandum
1564 2365 1697 2437 sibi
1723 2366 1929 2439 fuerit
1942 2368 2279 2440 Lucilium
2308 2369 2677 2463 reprehen-

521 2490 733 2560 disse.
764 2490 1118 2559 Postremo
1154 2497 1380 2558 tecum
1414 2488 1662 2579 cogita.
1700 2490 1882 2573 Quid
1913 2502 2023 2561 est
2055 2490 2186 2562 hoc
2217 2512 2342 2583 pro
2375 2513 2512 2583 quo
2537 2500 2674 2561 tam

522 2607 805 2681 sollicite
838 2613 1334 2701 torqueamur?
1360 2612 1630 2682 Ventus
1664 2622 1774 2683 est
1806 2614 2017 2696 fama,
2048 2635 2256 2705 quam
2294 2613 2675 2705 sequimur-3

519 2732 752 2802 fumus
791 2742 925 2817 est,
969 2732 1216 2803 umbra
1263 2744 1398 2818 est,
1442 2733 1612 2802 nihil
1662 2744 1792 2804 est.
1847 2735 2081 2826 ltaque
2129 2733 2442 2803 facillime
2493 2742 2676 2801 recto

524 2865 728 2947 atque
768 2854 908 2926 acri
949 2854 1201 2927 iudicio
1239 2855 1584 2932 contemni
1624 2865 1867 2947 potest.
1911 2853 2114 2937 Quod
2154 2853 2214 2924 si
2260 2857 2431 2924 sorte
2473 2851 2676 2943 (quo-

525 2977 710 3048 niam
759 2999 1133 3070 generosos
1186 2977 1452 3050 animos
1503 2976 1856 3049 familiaris
1925 2977 2077 3046 haec
2138 2975 2354 3068 pestis
2404 2970 2676 3065 insequi

527 3098 734 3192 solet)
788 3100 1161 3193 appetitum
1222 3101 1407 3171 hunc
1463 3099 1812 3194 extirpare
1872 3097 2199 3170 radicitus
2258 3119 2395 3167 non
2453 3103 2671 3187 potes,

526 3232 1042 3294 excrescentem
1083 3223 1366 3295 rationis
1403 3226 1643 3294 saltem
1677 3224 1845 3294 falce
1877 3242 2256 3315 compesce.
2291 3217 2676 3290 Parendum

531 3343 848 3436 tempori,
899 3345 1281 3438 parendum
1333 3344 1543 3416 rebus
1592 3355 1721 3417 est.
1782 3342 2090 3436 Denique
2151 3343 2258 3438 (ut
2326 3341 2682 3414 sententiae

533 3485 709 3535 meae
755 3486 1097 3537 summam
1145 3463 1428 3538 brevius
1476 3465 1877 3560 expediam)
1935 3465 2260 3537 virtutem
2309 3467 2457 3537 cole
2514 3463 2682 3535 dum

535 3586 757 3672 vivis;
798 3589 1048 3661 famam
1088 3587 1400 3659 invenies
1441 3587 1511 3656 in
1556 3589 1888 3680 sepulcro.
1931 3586 2120 3659 Vale.

820 3727 1096 3783 Bononiae.
1130 3725 1286 3782 XIIII
1316 3725 1437 3781 Kal.
1468 3724 1655 3780 Maias.

1536 4005 1693 4017 m
