<?xml version="1.0" encoding="UTF-8"?>
<!DOCTYPE html PUBLIC "-//W3C//DTD XHTML 1.0 Transitional//EN"
    "http://www.w3.org/TR/xhtml1/DTD/xhtml1-transitional.dtd">
<html xmlns="http://www.w3.org/1999/xhtml" xml:lang="en" lang="en">
 <head>
  <title>
</title>
<meta http-equiv="Content-Type" content="text/html;charset=utf-8" />
  <meta name='ocr-system' content='tesseract 3.04.00' />
  <meta name='ocr-capabilities' content='ocr_page ocr_carea ocr_par ocr_line ocrx_word'/>
</head>
<body>
  <div class='ocr_page' id='page_1' title='image "./epistolaederebu00unkngoog_0212.png"; bbox 0 0 3104 4805; ppageno 0'>
   <div class='ocr_carea' id='block_1_1' title="bbox 632 366 2101 428">
    <p class='ocr_par' dir='ltr' id='par_1_1' title="bbox 632 366 2101 428">
     <span class='ocr_line' id='line_1_1' title="bbox 632 366 2101 428; baseline 0.001 -2"><span class='ocrx_word' id='word_1_1' title='bbox 632 366 711 426; x_wconf 70' lang='grc'>44</span> <span class='ocrx_word' id='word_1_2' title='bbox 1294 378 1375 425; x_wconf 72' lang='lat' dir='ltr'>nn</span> <span class='ocrx_word' id='word_1_3' title='bbox 1419 379 1621 428; x_wconf 68' lang='lat' dir='ltr'>nunus</span> <span class='ocrx_word' id='word_1_4' title='bbox 1663 378 2101 428; x_wconf 74' lang='lat' dir='ltr'>FAMILIARIBUS</span> 
     </span>
    </p>
   </div>
   <div class='ocr_carea' id='block_1_2' title="bbox 620 507 2779 2582">
    <p class='ocr_par' dir='ltr' id='par_1_2' title="bbox 620 507 2779 2582">
     <span class='ocr_line' id='line_1_2' title="bbox 632 507 2776 622; baseline 0.003 -23"><span class='ocrx_word' id='word_1_5' title='bbox 632 530 722 599; x_wconf 93' lang='lat' dir='ltr'>nil</span> <span class='ocrx_word' id='word_1_6' title='bbox 761 528 894 600; x_wconf 90' lang='lat' dir='ltr'>sibi</span> <span class='ocrx_word' id='word_1_7' title='bbox 929 528 1177 621; x_wconf 91' lang='lat' dir='ltr'>palude</span> <span class='ocrx_word' id='word_1_8' title='bbox 1220 527 1510 619; x_wconf 91' lang='lat' dir='ltr'>gratius,</span> <span class='ocrx_word' id='word_1_9' title='bbox 1567 526 1662 598; x_wconf 91' lang='lat' dir='ltr'>ibi</span> <span class='ocrx_word' id='word_1_10' title='bbox 1716 507 2030 599; x_wconf 85' lang='lat' dir='ltr'>assidere</span> <span class='ocrx_word' id='word_1_11' title='bbox 2060 584 2075 612; x_wconf 92' lang='lat'>,</span> <span class='ocrx_word' id='word_1_12' title='bbox 2136 528 2268 599; x_wconf 89' lang='lat' dir='ltr'>illis</span> <span class='ocrx_word' id='word_1_13' title='bbox 2336 532 2537 622; x_wconf 90' lang='lat' dir='ltr'>aquis</span> <span class='ocrx_word' id='word_1_14' title='bbox 2606 535 2776 606; x_wconf 88' lang='lat' dir='ltr'>mira</span> 
     </span>
     <span class='ocr_line' id='line_1_3' title="bbox 628 649 2774 743; baseline 0.001 -21"><span class='ocrx_word' id='word_1_15' title='bbox 628 675 784 722; x_wconf 92' lang='lat' dir='ltr'>cum</span> <span class='ocrx_word' id='word_1_16' title='bbox 826 653 1206 743; x_wconf 85' lang='lat' dir='ltr'>voluptate,</span> <span class='ocrx_word' id='word_1_17' title='bbox 1251 649 1434 722; x_wconf 92' lang='lat' dir='ltr'>illius</span> <span class='ocrx_word' id='word_1_18' title='bbox 1475 650 1689 722; x_wconf 91' lang='lat' dir='ltr'>odore</span> <span class='ocrx_word' id='word_1_19' title='bbox 1727 652 1919 722; x_wconf 85' lang='lat' dir='ltr'>velut</span> <span class='ocrx_word' id='word_1_20' title='bbox 1960 650 2384 724; x_wconf 87' lang='lat' dir='ltr'>suavissimo</span> <span class='ocrx_word' id='word_1_21' title='bbox 2424 655 2774 729; x_wconf 81' lang='lat' dir='ltr'>delectari.</span> 
     </span>
     <span class='ocr_line' id='line_1_4' title="bbox 627 773 2779 871; baseline 0.002 -27"><span class='ocrx_word' id='word_1_22' title='bbox 627 775 983 847; x_wconf 90' lang='lat' dir='ltr'>Postremo</span> <span class='ocrx_word' id='word_1_23' title='bbox 1021 773 1180 844; x_wconf 92' lang='lat' dir='ltr'>illuc</span> <span class='ocrx_word' id='word_1_24' title='bbox 1220 774 1483 865; x_wconf 89' lang='lat' dir='ltr'>regiam</span> <span class='ocrx_word' id='word_1_25' title='bbox 1520 795 1720 844; x_wconf 88' lang='lat' dir='ltr'>suam</span> <span class='ocrx_word' id='word_1_26' title='bbox 1763 774 2133 858; x_wconf 85' lang='lat' dir='ltr'>transtulit,</span> <span class='ocrx_word' id='word_1_27' title='bbox 2180 774 2346 845; x_wconf 89' lang='lat' dir='ltr'>etin</span> <span class='ocrx_word' id='word_1_28' title='bbox 2389 776 2617 849; x_wconf 90' lang='lat' dir='ltr'>medio</span> <span class='ocrx_word' id='word_1_29' title='bbox 2656 801 2779 871; x_wconf 94' lang='lat' dir='ltr'>pa-</span> 
     </span>
     <span class='ocr_line' id='line_1_5' title="bbox 628 895 2779 993; baseline 0.001 -25"><span class='ocrx_word' id='word_1_30' title='bbox 628 896 864 969; x_wconf 90' lang='lat' dir='ltr'>lustris</span> <span class='ocrx_word' id='word_1_31' title='bbox 914 895 1057 966; x_wconf 92' lang='lat' dir='ltr'>limi</span> <span class='ocrx_word' id='word_1_32' title='bbox 1106 896 1446 969; x_wconf 90' lang='lat' dir='ltr'>immenso</span> <span class='ocrx_word' id='word_1_33' title='bbox 1498 907 1779 989; x_wconf 87' lang='lat' dir='ltr'>sumptu</span> <span class='ocrx_word' id='word_1_34' title='bbox 1828 896 2023 968; x_wconf 88' lang='lat' dir='ltr'>iactis</span> <span class='ocrx_word' id='word_1_35' title='bbox 2075 897 2405 985; x_wconf 84' lang='lat' dir='ltr'>molibuS,</span> <span class='ocrx_word' id='word_1_36' title='bbox 2450 901 2779 993; x_wconf 88' lang='lat' dir='ltr'>palatium</span> 
     </span>
     <span class='ocr_line' id='line_1_6' title="bbox 626 1019 2778 1113; baseline 0.002 -22"><span class='ocrx_word' id='word_1_37' title='bbox 626 1023 1095 1113; x_wconf 87' lang='lat' dir='ltr'>templumque</span> <span class='ocrx_word' id='word_1_38' title='bbox 1152 1019 1564 1105; x_wconf 85' lang='lat' dir='ltr'>construxit,</span> <span class='ocrx_word' id='word_1_39' title='bbox 1619 1030 1695 1090; x_wconf 91' lang='lat' dir='ltr'>ut</span> <span class='ocrx_word' id='word_1_40' title='bbox 1751 1019 1919 1090; x_wconf 92' lang='lat' dir='ltr'>nihil</span> <span class='ocrx_word' id='word_1_41' title='bbox 1976 1020 2237 1093; x_wconf 83' lang='lat' dir='ltr'>divinae</span> <span class='ocrx_word' id='word_1_42' title='bbox 2288 1024 2402 1093; x_wconf 87' lang='lat' dir='ltr'>vel</span> <span class='ocrx_word' id='word_1_43' title='bbox 2452 1023 2778 1095; x_wconf 83' lang='lat' dir='ltr'>humanae</span> 
     </span>
     <span class='ocr_line' id='line_1_7' title="bbox 625 1141 2778 1216; baseline 0.001 -5"><span class='ocrx_word' id='word_1_44' title='bbox 625 1142 727 1213; x_wconf 91' lang='lat' dir='ltr'>rei</span> <span class='ocrx_word' id='word_1_45' title='bbox 766 1164 926 1213; x_wconf 90' lang='lat' dir='ltr'>eum</span> <span class='ocrx_word' id='word_1_46' title='bbox 962 1142 1127 1214; x_wconf 90' lang='lat' dir='ltr'>inde</span> <span class='ocrx_word' id='word_1_47' title='bbox 1165 1141 1624 1213; x_wconf 88' lang='lat' dir='ltr'>abstraheret.</span> <span class='ocrx_word' id='word_1_48' title='bbox 1668 1143 2025 1214; x_wconf 89' lang='lat' dir='ltr'>Postremo</span> <span class='ocrx_word' id='word_1_49' title='bbox 2076 1142 2171 1213; x_wconf 92' lang='lat' dir='ltr'>ibi</span> <span class='ocrx_word' id='word_1_50' title='bbox 2210 1144 2376 1215; x_wconf 84' lang='lat' dir='ltr'>vitae</span> <span class='ocrx_word' id='word_1_51' title='bbox 2427 1166 2577 1215; x_wconf 86' lang='lat' dir='ltr'>suae</span> <span class='ocrx_word' id='word_1_52' title='bbox 2618 1145 2778 1216; x_wconf 89' lang='lat' dir='ltr'>reli-</span> 
     </span>
     <span class='ocr_line' id='line_1_8' title="bbox 624 1263 2777 1360; baseline 0.002 -24"><span class='ocrx_word' id='word_1_53' title='bbox 624 1288 839 1359; x_wconf 92' lang='lat' dir='ltr'>quum</span> <span class='ocrx_word' id='word_1_54' title='bbox 879 1265 1047 1357; x_wconf 87' lang='lat' dir='ltr'>egit,</span> <span class='ocrx_word' id='word_1_55' title='bbox 1088 1263 1322 1356; x_wconf 86' lang='lat' dir='ltr'>ibique</span> <span class='ocrx_word' id='word_1_56' title='bbox 1356 1266 1672 1357; x_wconf 89' lang='lat' dir='ltr'>sepultus</span> <span class='ocrx_word' id='word_1_57' title='bbox 1714 1277 1857 1337; x_wconf 92' lang='lat' dir='ltr'>est:</span> <span class='ocrx_word' id='word_1_58' title='bbox 1900 1278 2103 1338; x_wconf 92' lang='lat' dir='ltr'>cauto</span> <span class='ocrx_word' id='word_1_59' title='bbox 2142 1266 2333 1360; x_wconf 87' lang='lat' dir='ltr'>prius</span> <span class='ocrx_word' id='word_1_60' title='bbox 2376 1278 2452 1338; x_wconf 91' lang='lat' dir='ltr'>ut</span> <span class='ocrx_word' id='word_1_61' title='bbox 2494 1290 2777 1340; x_wconf 91' lang='lat' dir='ltr'>succes-</span> 
     </span>
     <span class='ocr_line' id='line_1_9' title="bbox 626 1385 2777 1484; baseline 0 -25"><span class='ocrx_word' id='word_1_62' title='bbox 626 1409 822 1459; x_wconf 84' lang='lat' dir='ltr'><strong>sores</strong></span> <span class='ocrx_word' id='word_1_63' title='bbox 860 1386 968 1458; x_wconf 90' lang='lat' dir='ltr'>sui</span> <span class='ocrx_word' id='word_1_64' title='bbox 1009 1385 1301 1479; x_wconf 83' lang='lat' dir='ltr'>primam</span> <span class='ocrx_word' id='word_1_65' title='bbox 1331 1386 1493 1458; x_wconf 93' lang='lat' dir='ltr'>inde</span> <span class='ocrx_word' id='word_1_66' title='bbox 1517 1409 1861 1473; x_wconf 90' lang='lat' dir='ltr'>coronam,</span> <span class='ocrx_word' id='word_1_67' title='bbox 1890 1397 1961 1459; x_wconf 89' lang='lat' dir='ltr'>et</span> <span class='ocrx_word' id='word_1_68' title='bbox 1986 1390 2207 1482; x_wconf 88' lang='lat' dir='ltr'>prima</span> <span class='ocrx_word' id='word_1_69' title='bbox 2234 1389 2500 1483; x_wconf 91' lang='lat' dir='ltr'>imperii</span> <span class='ocrx_word' id='word_1_70' title='bbox 2541 1391 2777 1484; x_wconf 89' lang='lat' dir='ltr'>auspi-</span> 
     </span>
     <span class='ocr_line' id='line_1_10' title="bbox 622 1510 2778 1605; baseline 0.001 -24"><span class='ocrx_word' id='word_1_71' title='bbox 622 1510 728 1581; x_wconf 89' lang='lat' dir='ltr'>cia</span> <span class='ocrx_word' id='word_1_72' title='bbox 765 1520 1248 1603; x_wconf 80' lang='lat' dir='ltr'>capesserent3</span> <span class='ocrx_word' id='word_1_73' title='bbox 1300 1510 1489 1602; x_wconf 90' lang='lat' dir='ltr'>quod</span> <span class='ocrx_word' id='word_1_74' title='bbox 1540 1510 1749 1582; x_wconf 90' lang='lat' dir='ltr'>bodie</span> <span class='ocrx_word' id='word_1_75' title='bbox 1799 1534 2076 1605; x_wconf 91' lang='lat' dir='ltr'>quoque</span> <span class='ocrx_word' id='word_1_76' title='bbox 2128 1521 2475 1597; x_wconf 88' lang='lat' dir='ltr'>servatur,</span> <span class='ocrx_word' id='word_1_77' title='bbox 2534 1534 2778 1585; x_wconf 90' lang='lat' dir='ltr'>serva-</span> 
     </span>
     <span class='ocr_line' id='line_1_11' title="bbox 622 1632 2779 1728; baseline 0.004 -26"><span class='ocrx_word' id='word_1_78' title='bbox 622 1632 946 1725; x_wconf 87' lang='lat' dir='ltr'>biturque</span> <span class='ocrx_word' id='word_1_79' title='bbox 1017 1632 1351 1725; x_wconf 86' lang='lat' dir='ltr'>quamdiu</span> <span class='ocrx_word' id='word_1_80' title='bbox 1417 1633 1706 1704; x_wconf 88' lang='lat' dir='ltr'>Romani</span> <span class='ocrx_word' id='word_1_81' title='bbox 1772 1636 1991 1705; x_wconf 85' lang='lat' dir='ltr'>sraena</span> <span class='ocrx_word' id='word_1_82' title='bbox 2065 1634 2333 1728; x_wconf 89' lang='lat' dir='ltr'>imperii</span> <span class='ocrx_word' id='word_1_83' title='bbox 2407 1637 2779 1710; x_wconf 80' lang='lat' dir='ltr'>Teutonica</span> 
     </span>
     <span class='ocr_line' id='line_1_12' title="bbox 622 1756 2774 1851; baseline 0.001 -26"><span class='ocrx_word' id='word_1_84' title='bbox 622 1777 871 1828; x_wconf 89' lang='lat' dir='ltr'>manus</span> <span class='ocrx_word' id='word_1_85' title='bbox 914 1768 1094 1850; x_wconf 87' lang='lat' dir='ltr'>aget.</span> <span class='ocrx_word' id='word_1_86' title='bbox 1132 1758 1436 1849; x_wconf 79' lang='lat' dir='ltr'>Longior</span> <span class='ocrx_word' id='word_1_87' title='bbox 1468 1756 1566 1828; x_wconf 79' lang='lat' dir='ltr'>fui</span> <span class='ocrx_word' id='word_1_88' title='bbox 1602 1756 1673 1827; x_wconf 92' lang='lat' dir='ltr'>in</span> <span class='ocrx_word' id='word_1_89' title='bbox 1696 1757 1827 1829; x_wconf 88' lang='lat' dir='ltr'>hac</span> <span class='ocrx_word' id='word_1_90' title='bbox 1853 1757 2268 1843; x_wconf 78' lang='lat' dir='ltr'>narratione,</span> <span class='ocrx_word' id='word_1_91' title='bbox 2306 1763 2516 1851; x_wconf 88' lang='lat' dir='ltr'>quam</span> <span class='ocrx_word' id='word_1_92' title='bbox 2542 1758 2774 1830; x_wconf 91' lang='lat' dir='ltr'>debui.</span> 
     </span>
     <span class='ocr_line' id='line_1_13' title="bbox 624 1879 2776 1974; baseline 0.002 -25"><span class='ocrx_word' id='word_1_93' title='bbox 624 1879 764 1950; x_wconf 85' lang='lat' dir='ltr'>Sed</span> <span class='ocrx_word' id='word_1_94' title='bbox 802 1880 1130 1974; x_wconf 88' lang='lat' dir='ltr'>quoniam</span> <span class='ocrx_word' id='word_1_95' title='bbox 1164 1879 1631 1974; x_wconf 83' lang='lat' dir='ltr'>peregrinatio</span> <span class='ocrx_word' id='word_1_96' title='bbox 1697 1880 2073 1974; x_wconf 84' lang='lat' dir='ltr'>longinqua</span> <span class='ocrx_word' id='word_1_97' title='bbox 2134 1881 2470 1953; x_wconf 91' lang='lat' dir='ltr'>librorum</span> <span class='ocrx_word' id='word_1_98' title='bbox 2537 1882 2776 1954; x_wconf 91' lang='lat' dir='ltr'>solatio</span> 
     </span>
     <span class='ocr_line' id='line_1_14' title="bbox 622 2001 2779 2096; baseline 0.002 -24"><span class='ocrx_word' id='word_1_99' title='bbox 622 2001 957 2074; x_wconf 86' lang='lat' dir='ltr'>destituta</span> <span class='ocrx_word' id='word_1_100' title='bbox 998 2013 1137 2088; x_wconf 87' lang='lat' dir='ltr'>est,</span> <span class='ocrx_word' id='word_1_101' title='bbox 1176 2013 1246 2074; x_wconf 89' lang='lat' dir='ltr'>et</span> <span class='ocrx_word' id='word_1_102' title='bbox 1279 2003 1349 2073; x_wconf 92' lang='lat' dir='ltr'>in</span> <span class='ocrx_word' id='word_1_103' title='bbox 1384 2003 1517 2074; x_wconf 92' lang='lat' dir='ltr'>hoc</span> <span class='ocrx_word' id='word_1_104' title='bbox 1549 2014 1886 2096; x_wconf 90' lang='lat' dir='ltr'>perpetuo</span> <span class='ocrx_word' id='word_1_105' title='bbox 1914 2014 2104 2075; x_wconf 90' lang='lat' dir='ltr'>motu</span> <span class='ocrx_word' id='word_1_106' title='bbox 2137 2004 2402 2076; x_wconf 84' lang='lat' dir='ltr'>facilius</span> <span class='ocrx_word' id='word_1_107' title='bbox 2428 2015 2539 2076; x_wconf 87' lang='lat' dir='ltr'>est</span> <span class='ocrx_word' id='word_1_108' title='bbox 2564 2007 2779 2076; x_wconf 89' lang='lat' dir='ltr'>multa</span> 
     </span>
     <span class='ocr_line' id='line_1_15' title="bbox 620 2126 2778 2220; baseline 0 -24"><span class='ocrx_word' id='word_1_109' title='bbox 620 2126 957 2218; x_wconf 87' lang='lat' dir='ltr'>cogitare,</span> <span class='ocrx_word' id='word_1_110' title='bbox 1004 2148 1212 2219; x_wconf 90' lang='lat' dir='ltr'>quam</span> <span class='ocrx_word' id='word_1_111' title='bbox 1263 2126 1583 2215; x_wconf 83' lang='lat' dir='ltr'>grandia,</span> <span class='ocrx_word' id='word_1_112' title='bbox 1640 2126 1899 2198; x_wconf 91' lang='lat' dir='ltr'>iustum</span> <span class='ocrx_word' id='word_1_113' title='bbox 1952 2128 2265 2220; x_wconf 76' lang='lat' dir='ltr'>epistolae</span> <span class='ocrx_word' id='word_1_114' title='bbox 2316 2128 2599 2198; x_wconf 91' lang='lat' dir='ltr'>modum</span> <span class='ocrx_word' id='word_1_115' title='bbox 2649 2129 2778 2197; x_wconf 89' lang='lat' dir='ltr'>im-</span> 
     </span>
     <span class='ocr_line' id='line_1_16' title="bbox 621 2247 2769 2345; baseline 0 -25"><span class='ocrx_word' id='word_1_116' title='bbox 621 2250 812 2342; x_wconf 90' lang='lat' dir='ltr'>plere</span> <span class='ocrx_word' id='word_1_117' title='bbox 854 2247 1056 2319; x_wconf 89' lang='lat' dir='ltr'>seriis</span> <span class='ocrx_word' id='word_1_118' title='bbox 1083 2269 1221 2319; x_wconf 90' lang='lat' dir='ltr'>non</span> <span class='ocrx_word' id='word_1_119' title='bbox 1247 2249 1519 2332; x_wconf 88' lang='lat' dir='ltr'>valens,</span> <span class='ocrx_word' id='word_1_120' title='bbox 1550 2269 1703 2318; x_wconf 90' lang='lat' dir='ltr'>eam</span> <span class='ocrx_word' id='word_1_121' title='bbox 1737 2249 1837 2342; x_wconf 91' lang='lat' dir='ltr'>(ut</span> <span class='ocrx_word' id='word_1_122' title='bbox 1858 2250 2085 2345; x_wconf 88' lang='lat' dir='ltr'>vides)</span> <span class='ocrx_word' id='word_1_123' title='bbox 2114 2250 2343 2323; x_wconf 86' lang='lat' dir='ltr'>obviis</span> <span class='ocrx_word' id='word_1_124' title='bbox 2368 2249 2769 2345; x_wconf 91' lang='lat' dir='ltr'>quibusque</span> 
     </span>
     <span class='ocr_line' id='line_1_17' title="bbox 621 2370 1218 2445; baseline -0.008 0"><span class='ocrx_word' id='word_1_125' title='bbox 621 2370 982 2445; x_wconf 78' lang='lat' dir='ltr'>consarcio.</span> <span class='ocrx_word' id='word_1_126' title='bbox 1024 2371 1218 2442; x_wconf 88' lang='lat' dir='ltr'>Vale.</span> 
     </span>
     <span class='ocr_line' id='line_1_18' title="bbox 901 2512 1531 2582; baseline 0.002 -16"><span class='ocrx_word' id='word_1_127' title='bbox 901 2513 1097 2582; x_wconf 88' lang='lat' dir='ltr'>Aquis,</span> <span class='ocrx_word' id='word_1_128' title='bbox 1127 2512 1201 2565; x_wconf 89' lang='lat' dir='ltr'>XI</span> <span class='ocrx_word' id='word_1_129' title='bbox 1232 2512 1353 2567; x_wconf 84' lang='lat' dir='ltr'>Kal.</span> <span class='ocrx_word' id='word_1_130' title='bbox 1384 2514 1531 2567; x_wconf 85' lang='lat' dir='ltr'>Julii.</span> 
     </span>
    </p>
   </div>
   <div class='ocr_carea' id='block_1_3' title="bbox 1447 2891 1937 2958">
    <p class='ocr_par' dir='ltr' id='par_1_3' title="bbox 1447 2891 1937 2958">
     <span class='ocr_line' id='line_1_19' title="bbox 1447 2891 1937 2958; baseline 0 -1"><span class='ocrx_word' id='word_1_131' title='bbox 1447 2891 1798 2958; x_wconf 86' lang='lat' dir='ltr'><strong>EPISTOLA</strong></span> <span class='ocrx_word' id='word_1_132' title='bbox 1848 2895 1937 2958; x_wconf 88' lang='lat' dir='ltr'>IV.</span> 
     </span>
    </p>
   </div>
   <div class='ocr_carea' id='block_1_4' title="bbox 665 3098 2718 3150">
    <p class='ocr_par' dir='ltr' id='par_1_4' title="bbox 665 3098 2718 3150">
     <span class='ocr_line' id='line_1_20' title="bbox 665 3098 2718 3150; baseline 0.002 -4"><span class='ocrx_word' id='word_1_133' title='bbox 665 3098 1048 3147; x_wconf 81' lang='lat' dir='ltr'>FRANCISCUS</span> <span class='ocrx_word' id='word_1_134' title='bbox 1084 3099 1419 3148; x_wconf 75' lang='lat' dir='ltr'>PETRARCA</span> <span class='ocrx_word' id='word_1_135' title='bbox 1453 3100 1716 3149; x_wconf 79' lang='lat' dir='ltr'>IOHANNI</span> <span class='ocrx_word' id='word_1_136' title='bbox 1753 3099 2064 3150; x_wconf 83' lang='lat' dir='ltr'>COLUMNAE</span> <span class='ocrx_word' id='word_1_137' title='bbox 2101 3099 2440 3148; x_wconf 81' lang='lat' dir='ltr'>CARDINALI</span> <span class='ocrx_word' id='word_1_138' title='bbox 2475 3101 2527 3149; x_wconf 90' lang='lat' dir='ltr'>S.</span> <span class='ocrx_word' id='word_1_139' title='bbox 2563 3102 2618 3150; x_wconf 81' lang='grc' dir='ltr'>Ρ.</span> <span class='ocrx_word' id='word_1_140' title='bbox 2659 3104 2718 3150; x_wconf 89' lang='lat' dir='ltr'>D.</span> 
     </span>
    </p>
   </div>
   <div class='ocr_carea' id='block_1_5' title="bbox 853 3248 2542 3443">
    <p class='ocr_par' dir='ltr' id='par_1_5' title="bbox 853 3248 2542 3443">
     <span class='ocr_line' id='line_1_21' title="bbox 853 3248 2542 3352; baseline 0.003 -21"><span class='ocrx_word' id='word_1_141' title='bbox 853 3277 1242 3334; x_wconf 88' lang='lat' dir='ltr'>Germanicum</span> <span class='ocrx_word' id='word_1_142' title='bbox 1269 3282 1374 3336; x_wconf 89' lang='lat' dir='ltr'>iter</span> <span class='ocrx_word' id='word_1_143' title='bbox 1399 3269 1649 3350; x_wconf 84' lang='lat' dir='ltr'>enarrat,</span> <span class='ocrx_word' id='word_1_144' title='bbox 1679 3287 1734 3335; x_wconf 85' lang='lat' dir='ltr'>et</span> <span class='ocrx_word' id='word_1_145' title='bbox 1759 3281 1907 3335; x_wconf 88' lang='lat' dir='ltr'>diem</span> <span class='ocrx_word' id='word_1_146' title='bbox 1935 3279 2137 3334; x_wconf 83' lang='lat' dir='ltr'>festum</span> <span class='ocrx_word' id='word_1_147' title='bbox 2165 3248 2258 3336; x_wconf 65' lang='grc' dir='ltr'>Ιο.ο</span> <span class='ocrx_word' id='word_1_148' title='bbox 2284 3280 2542 3352; x_wconf 85' lang='lat' dir='ltr'>Baptistae</span> 
     </span>
     <span class='ocr_line' id='line_1_22' title="bbox 1271 3368 2105 3443; baseline -0.004 -18"><span class='ocrx_word' id='word_1_149' title='bbox 1271 3372 1419 3443; x_wconf 83' lang='lat' dir='ltr'>apud</span> <span class='ocrx_word' id='word_1_150' title='bbox 1447 3371 1799 3426; x_wconf 79' lang='lat' dir='ltr'>colonienses</span> <span class='ocrx_word' id='word_1_151' title='bbox 1826 3368 2105 3425; x_wconf 82' lang='lat' dir='ltr'>describit.</span> 
     </span>
    </p>
   </div>
   <div class='ocr_carea' id='block_1_6' title="bbox 611 3597 2769 4307">
    <p class='ocr_par' dir='ltr' id='par_1_6' title="bbox 611 3597 2769 4307">
     <span class='ocr_line' id='line_1_23' title="bbox 808 3597 2769 3693; baseline 0.001 -25"><span class='ocrx_word' id='word_1_152' title='bbox 808 3597 1029 3691; x_wconf 89' lang='lat' dir='ltr'>Aquis</span> <span class='ocrx_word' id='word_1_153' title='bbox 1069 3600 1511 3692; x_wconf 83' lang='lat' dir='ltr'>digressum,</span> <span class='ocrx_word' id='word_1_154' title='bbox 1560 3601 1688 3672; x_wconf 91' lang='lat' dir='ltr'>sed</span> <span class='ocrx_word' id='word_1_155' title='bbox 1727 3600 1922 3693; x_wconf 88' lang='lat' dir='ltr'>prius</span> <span class='ocrx_word' id='word_1_156' title='bbox 1951 3654 1966 3683; x_wconf 91' lang='lat'>,</span> <span class='ocrx_word' id='word_1_157' title='bbox 2021 3599 2210 3670; x_wconf 91' lang='lat' dir='ltr'>unde</span> <span class='ocrx_word' id='word_1_158' title='bbox 2260 3608 2512 3669; x_wconf 88' lang='lat' dir='ltr'>ortum.</span> <span class='ocrx_word' id='word_1_159' title='bbox 2538 3600 2769 3693; x_wconf 89' lang='lat' dir='ltr'>oppidi</span> 
     </span>
     <span class='ocr_line' id='line_1_24' title="bbox 612 3721 2767 3817; baseline 0 -24"><span class='ocrx_word' id='word_1_160' title='bbox 612 3745 863 3795; x_wconf 89' lang='lat' dir='ltr'>nomen</span> <span class='ocrx_word' id='word_1_161' title='bbox 904 3734 1171 3816; x_wconf 85' lang='lat' dir='ltr'>putant,</span> <span class='ocrx_word' id='word_1_162' title='bbox 1216 3724 1417 3817; x_wconf 88' lang='lat' dir='ltr'>aquis</span> <span class='ocrx_word' id='word_1_163' title='bbox 1456 3725 1715 3795; x_wconf 88' lang='lat' dir='ltr'>Baiano</span> <span class='ocrx_word' id='word_1_164' title='bbox 1757 3744 1948 3795; x_wconf 93' lang='lat' dir='ltr'>more</span> <span class='ocrx_word' id='word_1_165' title='bbox 1991 3721 2387 3814; x_wconf 88' lang='lat' dir='ltr'>tepentibus</span> <span class='ocrx_word' id='word_1_166' title='bbox 2430 3721 2767 3808; x_wconf 88' lang='lat' dir='ltr'>ablutum,</span> 
     </span>
     <span class='ocr_line' id='line_1_25' title="bbox 611 3844 2769 3940; baseline 0 -28"><span class='ocrx_word' id='word_1_167' title='bbox 611 3845 890 3937; x_wconf 85' lang='lat' dir='ltr'>excepit</span> <span class='ocrx_word' id='word_1_168' title='bbox 937 3844 1361 3940; x_wconf 88' lang='lat' dir='ltr'>Agripppina</span> <span class='ocrx_word' id='word_1_169' title='bbox 1413 3846 1716 3933; x_wconf 91' lang='lat' dir='ltr'>Colonia,</span> <span class='ocrx_word' id='word_1_170' title='bbox 1763 3867 1926 3939; x_wconf 84' lang='lat' dir='ltr'>quae</span> <span class='ocrx_word' id='word_1_171' title='bbox 1986 3846 2077 3917; x_wconf 89' lang='lat' dir='ltr'>ad</span> <span class='ocrx_word' id='word_1_172' title='bbox 2133 3846 2492 3918; x_wconf 89' lang='lat' dir='ltr'>sinistrum</span> <span class='ocrx_word' id='word_1_173' title='bbox 2546 3845 2769 3916; x_wconf 90' lang='lat' dir='ltr'>Rheni</span> 
     </span>
     <span class='ocr_line' id='line_1_26' title="bbox 612 3965 2768 4059; baseline 0.001 -27"><span class='ocrx_word' id='word_1_174' title='bbox 612 3965 792 4033; x_wconf 87' lang='lat' dir='ltr'>latus</span> <span class='ocrx_word' id='word_1_175' title='bbox 845 3965 979 4036; x_wconf 87' lang='lat' dir='ltr'>sita</span> <span class='ocrx_word' id='word_1_176' title='bbox 1028 3980 1177 4040; x_wconf 91' lang='lat' dir='ltr'>est:</span> <span class='ocrx_word' id='word_1_177' title='bbox 1238 3972 1429 4041; x_wconf 91' lang='lat' dir='ltr'>locus</span> <span class='ocrx_word' id='word_1_178' title='bbox 1482 3979 1554 4040; x_wconf 91' lang='lat' dir='ltr'>et</span> <span class='ocrx_word' id='word_1_179' title='bbox 1602 3969 1739 4041; x_wconf 92' lang='lat' dir='ltr'>situ</span> <span class='ocrx_word' id='word_1_180' title='bbox 1790 3978 1862 4039; x_wconf 95' lang='lat' dir='ltr'>et</span> <span class='ocrx_word' id='word_1_181' title='bbox 1911 3969 2199 4041; x_wconf 90' lang='lat' dir='ltr'>flumine</span> <span class='ocrx_word' id='word_1_182' title='bbox 2250 3971 2476 4041; x_wconf 89' lang='lat' dir='ltr'>clarus</span> <span class='ocrx_word' id='word_1_183' title='bbox 2528 3974 2600 4035; x_wconf 94' lang='lat' dir='ltr'>et</span> <span class='ocrx_word' id='word_1_184' title='bbox 2644 3988 2768 4059; x_wconf 92' lang='lat' dir='ltr'>po-</span> 
     </span>
     <span class='ocr_line' id='line_1_27' title="bbox 612 4085 2765 4185; baseline 0.003 -32"><span class='ocrx_word' id='word_1_185' title='bbox 612 4087 792 4176; x_wconf 91' lang='lat' dir='ltr'>pulo.</span> <span class='ocrx_word' id='word_1_186' title='bbox 846 4085 1097 4159; x_wconf 90' lang='lat' dir='ltr'>Mirum</span> <span class='ocrx_word' id='word_1_187' title='bbox 1146 4091 1218 4162; x_wconf 92' lang='lat' dir='ltr'>in</span> <span class='ocrx_word' id='word_1_188' title='bbox 1268 4103 1452 4164; x_wconf 88' lang='lat' dir='ltr'>terra</span> <span class='ocrx_word' id='word_1_189' title='bbox 1499 4092 1863 4164; x_wconf 88' lang='lat' dir='ltr'>barbarica</span> <span class='ocrx_word' id='word_1_190' title='bbox 1914 4103 2176 4185; x_wconf 89' lang='lat' dir='ltr'>quanta</span> <span class='ocrx_word' id='word_1_191' title='bbox 2223 4089 2549 4173; x_wconf 82' lang='lat' dir='ltr'>civilitaS,</span> <span class='ocrx_word' id='word_1_192' title='bbox 2603 4110 2765 4181; x_wconf 74' lang='lat' dir='ltr'>quae</span> 
     </span>
     <span class='ocr_line' id='line_1_28' title="bbox 614 4207 2765 4307; baseline 0.003 -30"><span class='ocrx_word' id='word_1_193' title='bbox 614 4207 807 4280; x_wconf 87' lang='lat' dir='ltr'>urbis</span> <span class='ocrx_word' id='word_1_194' title='bbox 861 4209 1157 4302; x_wconf 82' lang='lat' dir='ltr'>specieS,</span> <span class='ocrx_word' id='word_1_195' title='bbox 1211 4237 1372 4307; x_wconf 85' lang='lat' dir='ltr'>quae</span> <span class='ocrx_word' id='word_1_196' title='bbox 1425 4215 1732 4287; x_wconf 91' lang='lat' dir='ltr'>virorum</span> <span class='ocrx_word' id='word_1_197' title='bbox 1784 4215 2138 4306; x_wconf 82' lang='lat' dir='ltr'>gravitaS,</span> <span class='ocrx_word' id='word_1_198' title='bbox 2194 4233 2354 4304; x_wconf 79' lang='lat' dir='ltr'>quae</span> <span class='ocrx_word' id='word_1_199' title='bbox 2407 4211 2765 4284; x_wconf 80' lang='lat' dir='ltr'>munditiae</span> 
     </span>
    </p>
   </div>
  </div>
 </body>
</html>
