3104 4805
579 357 695 417 310
1256 369 1338 417 DE
1372 369 1574 417 annus
1618 366 2059 416 FAfflLlAmBUS

577 543 767 591 mum
810 520 1024 601 diem,
1069 529 1139 589 et
1164 517 1469 588 laborem
1495 510 1566 588 e't
1597 516 1960 611 epistolam
2001 515 2411 609 partiamur,
2461 535 2589 586 nec
2612 538 2731 587 ea-

577 645 739 716 dem
780 662 1046 737 papyro
1086 662 1200 711 res
1251 639 1776 712 diversissimas
1842 638 2303 710 involvamus.
2373 638 2510 709 Sed
2559 637 2730 731 quid

575 789 854 839 rursum
905 766 1161 858 cogite,
1216 763 1475 858 quidve
1525 763 1849 856 polliceor
1897 763 2018 834 tibi
2070 762 2255 834 diem
2298 762 2724 854 proximum,

575 891 1076 985 epistolamque
1100 890 1432 961 alteram?
1456 890 1599 959 Nec
1622 887 1760 959 diei
1794 888 2001 957 unius
2025 907 2202 981 opus
2243 894 2376 969 est,
2422 907 2548 956 nec
2582 885 2731 979 epi-

576 1015 828 1085 stolare
868 1012 1240 1104 negotium.
1294 1011 1579 1083 Librum
1628 1011 1880 1103 exigit,
1935 1032 2141 1103 quem
2179 1029 2315 1081 non
2368 1008 2561 1102 prius
2601 1028 2729 1098 ag-

575 1137 877 1228 grediar,
934 1136 994 1207 si
1047 1147 1276 1206 tamen
1325 1136 1511 1206 curis
1566 1134 1944 1206 maioribus
1979 1156 2118 1205 non
2150 1134 2468 1205 retrahor
2517 1141 2725 1223 atque

573 1259 950 1342 distrahor,
1002 1280 1210 1351 quam
1263 1256 1335 1327 in
1387 1257 1826 1330 solitudinem
1879 1278 2104 1328 meam
2156 1246 2267 1326 me
2307 1257 2582 1327 fortuna
2617 1275 2728 1324 re-

573 1384 868 1456 vexerit.
912 1382 1012 1454 Ibi
1051 1382 1260 1467 enim,
1308 1403 1445 1452 non
1484 1381 1675 1466 alibi,
1732 1402 1931 1461 meus
1984 1402 2174 1452 sum:
2226 1378 2320 1449 ibi
2371 1399 2571 1449 meus
2618 1388 2730 1448 est

573 1508 907 1590 calamuS,
945 1505 1066 1599 qui
1090 1527 1274 1577 nunc
1305 1504 1569 1599 passim
1595 1503 1909 1587 rebellat,
1938 1512 2009 1574 et
2034 1505 2309 1573 recusat
2340 1500 2722 1594 imperium,

575 1629 1083 1703 molestissimis
1132 1626 1700 1722 occupationibus
1752 1627 1927 1697 meis
1990 1627 2225 1696 fretus.
2289 1626 2389 1694 Ita
2448 1624 2557 1694 ille
2607 1623 2726 1717 qui

574 1776 668 1825 ex
692 1754 842 1825 ocio
870 1775 1022 1824 meo
1047 1752 1210 1843 iuge
1236 1752 1587 1843 negotium
1616 1750 1851 1833 habet,
1882 1771 1977 1820 ex
2012 1746 2305 1839 negocio
2333 1745 2464 1817 sibi
2499 1746 2726 1817 ocium

574 1876 851 1968 quaerit,
905 1885 976 1946 et
1022 1874 1225 1968 quasi
1280 1873 1535 1966 impius
1588 1894 1842 1944 servus
1891 1894 1973 1944 ac
2020 1882 2425 1956 contumax,
2468 1868 2723 1942 domini

575 1997 883 2069 laborem
948 1998 1017 2066 in
1067 1996 1378 2090 requiem
1444 2017 1642 2067 suam
1709 1992 1938 2067 trahit.
2008 1991 2135 2064 Ubi
2189 2014 2363 2064 vero
2428 1993 2725 2085 primum

575 2118 752 2192 fines
792 2141 987 2192 meos
1028 2120 1351 2213 attiger0‚
1400 2142 1606 2191 suum
1651 2120 1799 2212 ipse
1841 2120 2080 2210 iugum
2146 2116 2395 2189 subeat
2459 2138 2721 2208 cogam,

572 2254 642 2315 et
692 2245 781 2317 de
831 2265 916 2316 eo
964 2244 1154 2336 quod
1211 2243 1470 2336 quaeris
1524 2265 1842 2315 seorsum
1903 2241 2234 2333 singulari
2288 2240 2490 2324 libro,
2560 2239 2727 2333 quid

574 2368 864 2441 aliorum
917 2367 1219 2462 scriptis,
1273 2365 1440 2460 quid
1475 2364 1648 2439 meis
1690 2364 2103 2438 coniecturis
2152 2385 2512 2458 assequor,
2561 2363 2730 2436 scri-

575 2494 756 2566 bam.
800 2495 980 2565 Sane
1039 2504 1115 2564 ut
1173 2492 1546 2565 familiares
1604 2490 1935 2584 epistolas
1988 2487 2263 2573 ludenS,
2336 2497 2407 2558 et
2456 2488 2526 2557 in
2576 2488 2728 2583 ipso

575 2616 879 2687 maxime
942 2616 1215 2687 viarum
1265 2615 1590 2686 discursu
1655 2616 2090 2706 tumultuque
2141 2633 2371 2683 rerum
2425 2609 2727 2681 scribere

578 2741 792 2821 soleo;
829 2738 929 2810 sic
961 2738 1051 2810 ad
1094 2737 1534 2810 scribendum
1571 2737 1783 2811 libros
1821 2737 2124 2808 solitaria
2148 2737 2382 2830 quiete
2405 2734 2725 2826 dulcique

577 2860 753 2947 ocio,
792 2872 863 2933 et
899 2882 1154 2953 magno
1188 2884 1315 2933 nec
1356 2861 1739 2956 interrupto
1792 2859 2063 2932 silentio
2122 2880 2299 2953 opus
2351 2868 2478 2930 est.
2533 2857 2718 2927 Vale.

862 3005 915 3061 11
953 3006 1076 3061 Kal.
1115 3007 1480 3063 Decembres:
1523 3025 1589 3061 ex
1626 3007 1841 3061 itinere.

1577 3207 1735 3216 ——-

1414 3402 1768 3468 EPISTOLA
1813 3404 1899 3466 lll.

619 3593 1003 3644 FRANciscus
1039 3592 1375 3642 PETRARCA
1417 3591 1682 3642 mmmm
1724 3590 2036 3640 connum
2083 3590 2123 3637 A
2168 3590 2219 3638 S.
2256 3588 2404 3638 vrro
2447 3588 2499 3637 s,
2536 3589 2590 3637 P.
2627 3589 2687 3636 n.

683 3763 1056 3829 Senectutem,
1089 3766 1497 3833 paupertatem,
1528 3760 1831 3833 podagram
1862 3760 2009 3813 inter
2038 3759 2185 3813 mala
2212 3760 2472 3813 humanae
2502 3759 2626 3814 vitae

804 3850 954 3906 haud
982 3867 1103 3906 esse
1135 3849 1502 3919 recensenda,
1534 3851 1622 3904 vel
1652 3849 1778 3903 forti
1809 3849 2003 3903 saltem
2035 3848 2220 3903 animo
2251 3847 2498 3904 ferenda.

774 4064 920 4134 Una
971 4064 1138 4135 mihi
1201 4074 1428 4137 tecum
1486 4065 1571 4136 lis
1623 4073 1760 4147 est,
1813 4085 1970 4134 cum
2032 4074 2444 4136 caeterarum
2494 4083 2740 4134 rerum.

580 4182 886 4253 omnium
930 4185 1019 4255 sit
1059 4196 1245 4258 tanta
1287 4187 1674 4258 concordia.
1736 4185 1954 4257 Nimis
1994 4206 2073 4257 es
2112 4188 2477 4280 queruluS,
2520 4181 2728 4254 nimis
