3104 4805
470 891 576 964 Ep.

1254 397 1786 448 PROLEGOMENON.
2468 396 2571 443 mx

1328 646 1543 709 LIBER
1588 646 1740 708 XIX.

654 889 709 944 1.
752 888 982 945 CAnoLo
1004 887 1372 944 IVAucusro
1414 888 1800 944 IuPnnArom.
1829 919 1902 931 —
1924 889 2003 946 Et
2039 889 2324 961 quud-ium
2359 888 2580 960 inqens.

798 978 943 1048 Ary.
993 976 1318 1033 Gratulatur
1363 977 1486 1032 eius
1529 979 1590 1033 in
1635 979 1850 1034 ltaliam
1894 980 2194 1054 adventum
2214 1020 2231 1049 ‚
2278 995 2586 1051 rursusque

870 1067 1127 1122 hortatur
1152 1072 1216 1121 ut
1242 1066 1563 1121 Romanum
1592 1065 1898 1138 Imperium
1929 1067 2203 1122 restituat.

566 1198 579 1211 .
656 1155 711 1210 2.
751 1156 1000 1211 Zenomo
1028 1154 1426 1211 FLonnNTmO.
1449 1186 1522 1198 —
1546 1156 1794 1228 Tempus
1822 1158 2011 1212 breve.

802 1245 946 1316 Ary.
979 1243 1272 1299 Festinans
1295 1250 1537 1316 quatuor
1565 1245 1763 1302 litteris
1796 1246 2124 1319 respondet,
2147 1251 2204 1300 et
2222 1243 2589 1317 asperrimam

871 1333 991 1388 eius
1017 1334 1153 1390 anni
1177 1334 1434 1405 hyemem
1462 1335 1743 1392 describit.

569 1463 584 1475 .
657 1420 710 1475 3.
750 1420 945 1477 LAEmo
976 1436 1102 1477 suc.
1125 1451 1198 1464 --
1220 1423 1541 1480 Credulum
1569 1442 1850 1481 amorem.

800 1510 946 1583 Ary.
992 1511 1195 1565 Narrat
1234 1528 1291 1567 se
1337 1513 1622 1568 Mantuam
1659 1531 1693 1569 a
1734 1514 1951 1570 Caesare
1979 1513 2216 1569 accitum
2257 1504 2587 1585 summaque

870 1600 1253 1657 benevolentia
1278 1608 1594 1675 receptum,
1625 1608 1681 1659 et
1707 1605 1918 1661 litteras
1945 1605 1997 1660 ei
2022 1605 2191 1660 mittit
2226 1604 2430 1677 quibus
2458 1620 2589 1659 eum

875 1687 1078 1744 Caesari
1108 1691 1476 1745 commendat.

571 1820 584 1832 .
658 1777 714 1832 4.
756 1777 986 1834 Cancro
1015 1779 1091 1833 IV
1118 1779 1393 1835 Auousro
1416 1780 1798 1836 IMPERATORI.
1817 1810 1890 1822 —
1913 1782 2052 1836 Vide
2073 1785 2357 1852 quantum
2378 1779 2550 1835 mihi.

801 1865 946 1936 Ary.
981 1864 1345 1922 Commendat
1369 1867 1607 1922 Laelium
1635 1868 1876 1922 amicum
1911 1884 2095 1923 suum.

572 1995 585 2008 .
660 1953 714 2009 5.
754 1953 944 2009 Momo
972 1955 1290 2010 PARMENSI.
1313 1985 1386 1997 —
1405 1957 1657 2028 Scripsit
1685 1959 2014 2012 adolescens
2041 1962 2252 2011 noster.

803 2045 947 2116 Ary.
980 2046 1181 2100 Secum
1210 2061 1339 2100 eum
1367 2045 1517 2101 domi
1546 2063 1660 2101 suae
1688 2063 1948 2101 mansum
1976 2046 2185 2100 invitat.

574 2176 587 2189 .
661 2135 715 2190 6.
758 2134 1082 2191 FRANclsco
1111 2137 1321 2192 Pmom
1351 2136 1450 2191 SS.
1484 2137 1936 2191 Aposroronnm.
1954 2136 2152 2190 —Hic
2180 2147 2351 2206 quem
2377 2134 2584 2189 cernis.

803 2224 946 2295 Ary.
980 2224 1346 2280 Commendat
1373 2227 1616 2281 amicum
1644 2232 1872 2282 euntem
1901 2227 2158 2282 Romam.

576 2352 588 2364 .
665 2311 718 2366 7.
758 2309 1081 2368 memsco
1110 2313 1318 2368 Pmoru
1348 2315 1445 2370 SS.
1478 2315 1932 2370 Aposrononmu.
1954 2344 2027 2356 —
2046 2314 2222 2369 Secus
2249 2313 2478 2367 accidit.

804 2402 949 2474 Ary.
983 2404 1053 2458 Se
1094 2410 1314 2459 noctem
1353 2405 1618 2477 praeferre
1659 2405 1795 2460 diei:
1836 2411 1892 2460 et
1930 2422 2031 2477 pro
2073 2405 2249 2461 amico
2275 2401 2593 2459 humaniter

874 2497 1094 2564 recepto
1123 2494 1327 2563 gratias
1356 2494 1487 2564 agit.
1893 2492 1900 2497 '

576 2622 589 2635 .
664 2580 717 2636 8.
758 2581 1007 2637 Gmnom
1047 2584 1302 2638 Serriuo
1343 2584 1786 2641 Ancmnmcono
1829 2584 2423 2651 Gssxussnsn—Quod
2462 2588 2585 2639 tam

882 2684 1109 2740 mayn&

815 2755 961 2826 Ar9.
994 2755 1153 2821 Quod
1193 2756 1381 2828 magni
1420 2758 1470 2813 is
1510 2758 1746 2815 aestimet
1783 2775 1988 2815 nomen
2030 2776 2196 2814 suum
2232 2758 2319 2812 his
2345 2756 2592 2830 epistolis

884 2859 1073 2897 inseri.

578 2972 591 2985 .
667 2930 721 2986 9.
764 2931 1012 2987 Gmnom
1038 2932 1293 2988 SEPrmo
1322 2935 1767 2991 Ancmmacono
1798 2935 2115 2990 Genusum.
2138 2963 2209 2974 —
2229 2934 2536 2987 RumoreS.

811 3022 955 3094 Ar9.
987 3022 1067 3077 De
1096 3023 1268 3078 Italiae
1297 3024 1573 3095 motibus,
1618 3031 1674 3080 et
1712 3023 2022 3096 praesertim
2050 3022 2119 3076 de
2145 3022 2291 3077 bello
2319 3022 2465 3075 inter
2492 3020 2598 3075 Ve-

878 3116 1038 3165 netos
1082 3117 1138 3165 et
1183 3110 1535 3169 Genuenses:
1590 3118 1646 3168 et
1691 3112 1762 3167 de
1810 3112 2080 3185 supplicio
2134 3111 2334 3167 Marini
2374 3111 2594 3167 Falierii

879 3199 1047 3255 Ducis
1074 3200 1454 3256 Venetiamm.

581 3330 593 3343 .
635 3288 725 3345 10.
767 3289 1013 3345 Gumom
1043 3290 1515 3348 Artemi-:Placere
1545 3291 1860 3347 Genusum.
1882 3292 2331 3348 —Successibus
2361 3288 2493 3347 titis.

810 3381 954 3453 Ary.
985 3381 1073 3436 Ad
1098 3382 1489 3438 Pontificatum
1517 3381 1896 3437 Genuensium
1920 3388 2110 3437 evecto
2137 3383 2467 3453 gratulatur.

581 3510 596 3522 .
636 3468 726 3523 11.
766 3468 1185 3526 Bssnmrssnmo.
1208 3501 1282 3513 -
1302 3471 1461 3525 Bene
1489 3472 1646 3535 mihi
1672 3473 1901 3527 accidit.

816 3559 960 3631 Ανρ.
998 3559 1312 3614 Immeritas
1340 3560 1428 3615 sui
1454 3560 1650 3615 laudes
1678 3561 1922 3632 respuit,
1951 3561 2194 3616 oblatam
2221 3561 2290 3615 ah
2319 3576 2385 3615 eo
2412 3560 2599 3615 amici-

890 3650 1023 3704 tiam
1062 3654 1344 3720 acceptam
1393 3648 1592 3719 habet,
1620 3654 1697 3711 ,et
1744 3649 1886 3705 duos
1930 3650 2066 3704 artis
2101 3650 2327 3705 musicae
2357 3649 2598 3705 cultores

883 3739 1252 3795 commendat.

582 3862 596 3876 .
637 3819 729 3875 12.
768 3821 995 3881 CAROLO
1024 3825 1100 3880 IV
1127 3826 1404 3882 Aueusro
1434 3827 1818 3882 IMPERATom.
1836 3856 1912 3870 —-
1931 3825 2110 3881 Italos
2138 3827 2300 3898 fines.

815 3911 959 3985 Ary.
990 3914 1309 3969 Discessum
1337 3915 1455 3969 eius
1483 3915 1552 3970 ab
1580 3915 1738 3970 Italia
1765 3913 2006 3987 graviter
2032 3916 2214 3986 arguit
2241 3920 2297 3969 et
2323 3914 2594 3986 obiurgat.

580 4039 595 4053 .
639 3998 731 4054 13.
770 3998 1093 4059 anmsco
1122 4004 1332 4059 Pmom
1361 4005 1457 4060 SS.
1490 4006 1947 4061 Arosrononnu.
1980 4036 2032 4045 -
2064 4006 2111 4060 Ο
2130 4007 2425 4078 praedura
2451 4024 2594 4063 sors.

819 4090 960 4163 Ary.
993 4093 1065 4148 Se
1092 4092 1376 4164 Legationi
1416 4096 1565 4167 apud
1601 4095 1874 4152 Caesarem
1900 4095 2195 4167 fungendae
2240 4096 2599 4153 Germaniam

886 4195 1080 4236 versus
1107 4180 1214 4237 iter
1239 4183 1562 4254 propediem
1593 4189 1983 4255 suscepturum
2012 4185 2254 4240 nunciat.
