3104 4805
533 380 613 428 CX
1322 379 1852 430 PROLEGOMENON.

531 521 631 593 Ep.
671 520 760 574 14.
803 518 1127 575 ΡΒΑΝσῐεοο
1157 519 1366 575 Pmom
1395 521 1492 575 SS.
1526 521 1983 575 Aposmmnnu.
2006 549 2077 562 —
2102 519 2174 574 Te
2200 521 2554 577 meditabar.

856 610 999 681 Ary.
1031 608 1283 663 Rediisse
1311 625 1370 663 se
1397 625 1429 663 e
1456 608 1777 680 Germania,
1807 609 2161 682 amicumque
2189 627 2356 666 suum
2385 612 2465 666 illi
2493 628 2640 669 com·

924 696 1250 751 mendatum
1278 697 1439 751 velle.

535 787 636 858 Ep.
677 787 768 842 15.
809 787 1135 842 FnAnmsco
1179 787 1390 842 Pmom
1436 787 1534 843 SS.
1587 788 2038 843 Aposrononnu.
2068 819 2142 832 -
2167 787 2366 845 Poscis
2409 795 2476 845 ut
2519 791 2639 863 epi-

921 878 1156 931 stolam.

853 963 999 1036 Ary.
1033 963 1193 1030 Quod
1222 964 1415 1019 multis
1442 964 1687 1035 negociis
1714 963 1989 1019 distentus
2024 964 2358 1037 promissam
2386 965 2456 1020 de
2484 965 2641 1022 Italia

926 1052 1216 1126 epistolam
1242 1052 1312 1107 ad
1342 1069 1471 1108 eum
1498 1053 1722 1109 mittere
1749 1052 2078 1125 nequiverit.

535 1144 636 1218 Ep.
674 1144 767 1201 16.
808 1143 1057 1200 Gumom
1086 1144 1372 1199 AncmEP.
1407 1143 1810 1200 Gesnnnsmu.
1836 1172 1904 1188 —
1925 1142 2075 1199 Novi
2103 1149 2174 1198 te.

854 1234 1000 1306 Arq.
1032 1233 1177 1288 Eum
1203 1233 1275 1288 de
1299 1232 1468 1288 rebus
1495 1232 1613 1287 suis
1641 1237 1705 1289 ut
1730 1237 1852 1288 erat
1879 1233 1939 1289 in
1967 1233 2108 1288 votis
2134 1233 2427 1289 certiorem
2454 1233 2600 1289 facit.

536 1323 638 1397 Ep.
674 1323 765 1379 17.
807 1321 1057 1378 Gumom
1085 1323 1373 1378 Ancum.
1407 1323 1809 1380 Gnnnnnsmu.
1840 1354 1894 1366 -
1921 1323 2212 1379 Putabam
2233 1324 2465 1394 plenus.

854 1411 999 1483 Ar9.
1051 1411 1211 1478 Quod
1257 1412 1315 1467 in
1362 1412 1519 1484 copia
1564 1428 1756 1468 rerum
1799 1411 2052 1467 omnium
2093 1415 2413 1484 paupertate
2452 1408 2638 1481 potius

924 1517 1094 1573 quam
1123 1502 1330 1557 divitiis
1357 1502 1477 1575 ipse
1502 1501 1736 1558 laboret.

535 1592 637 1665 Ep.
678 1592 768 1648 18.
808 1592 1021 1649 IAcono
1058 1594 1419 1652 Bussommo
1456 1595 1776 1651 Ancum-m.
1816 1592 2198 1648 Tmmsusmu
2247 1605 2537 1646 rmum.
2568 1621 2636 1633 —

928 1683 1100 1756 Soepe
1128 1689 1181 1739 te
1208 1687 1418 1757 frater.

854 1774 1000 1845 Ar9.
1042 1773 1311 1829 Hortatur
1353 1779 1415 1828 ut
1454 1771 1745 1845 tyrannide
1785 1769 2163 1826 Ticinensium
2201 1787 2260 1826 se
2300 1768 2546 1839 abdicet,
2583 1775 2639 1824 et

927 1882 1124 1938 pacem
1151 1865 1454 1922 conditioni
1483 1881 1599 1920 suae
1627 1862 2058 1935 respondentem
2085 1863 2430 1936 profiteatur.

1393 2094 1610 2156 LIBER
1660 2096 1785 2156 XX.

538 2309 637 2381 Ep.
713 2309 766 2364 1.
809 2308 996 2363 Nmuo
1024 2308 1313 2363 Mommno
1340 2306 1774 2362 Fonomwsnsn
1802 2337 1875 2349 -
1896 2309 2148 2363 Gravem
2176 2307 2352 2362 curis.

856 2396 1002 2470 Ary.
1050 2396 1132 2452 De
1177 2395 1433 2469 pessimis
1477 2394 1653 2452 aetatis
1697 2413 1813 2452 suae
1840 2395 2091 2451 moribus
2135 2401 2190 2450 et
2234 2394 2543 2467 praesertim
2570 2394 2640 2450 de

929 2485 1157 2543 avaritia
1184 2490 1240 2539 et
1264 2486 1502 2541 luxuria.
1551 2485 1836 2541 Nonnulla
1876 2486 1946 2542 de
1985 2486 2225 2541 adventu
2253 2484 2515 2556 abituque
2544 2483 2642 2539 Ca-

927 2575 1033 2629 roli
1059 2574 1136 2628 IV
1164 2574 1540 2647 Imperatoris.

538 2662 638 2732 Ep.
714 2660 772 2715 2.
812 2660 1002 2717 NEmo
1030 2662 1319 2717 Monimo
1349 2662 1780 2721 FonoLmENSL
1806 2696 1871 2706 —
1893 2664 2169 2720 Nondum
2195 2662 2511 2736 superiori.

855 2750 1001 2823 Arq.
1050 2751 1132 2806 De
1179 2751 1361 2808 Caroli
1407 2753 1484 2807 IV
1528 2754 1888 2827 Imperatoris
1925 2753 2077 2808 abitu
2105 2758 2161 2807 et
2204 2751 2491 2807 nonnullis
2516 2768 2642 2824 quae

925 2840 1085 2894 illum
1114 2842 1434 2912 respiciunt.
1469 2845 1589 2909 Qua
1617 2844 1962 2899 humanitate
1999 2843 2069 2898 ab
2097 2843 2193 2898 illo
2221 2848 2276 2897 et
2302 2859 2334 2896 a
2362 2840 2642 2897 Cardinali

927 2928 1133 3000 Legato
1162 2928 1329 2985 fuerit
1353 2930 1557 2986 Laelius
1585 2936 1865 3004 exceptus

536 3020 636 3093 Ep.
713 3019 767 3075 3.
812 3020 1122 3076 Gamo-fro
1153 3022 1440 3078 Spmom.
1463 3053 1536 3065 —
1555 3022 1726 3078 Nihil
1753 3039 1785 3076 ο
1813 3021 2211 3096 maynanime.

859 3110 1005 3180 Ary.
1038 3109 1360 3165 Gratulatur
1386 3126 1518 3166 eum
1562 3109 1946 3165 Genuensium
1990 3107 2311 3181 reipublicae
2337 3106 2642 3164 reforman-

936 3197 1019 3253 ‹1ae
1045 3197 1215 3253 fuisse
1241 3199 1584 3272 praesectum.

535 3288 635 3360 Ep.
710 3288 765 3341 4.
804 3286 1014 3342 Minoo
1044 3287 1360 3343 GENUENSL
1387 3317 1459 3330 —-
1481 3289 1731 3344 Crebrae
1759 3306 1834 3344 ex
1866 3294 1919 3343 te
1951 3290 2195 3344 litteras.

852 3377 998 3449 Ary.
1028 3376 1110 3431 De
1139 3376 1323 3456 studio
1351 3377 1538 3449 legum
1568 3382 1624 3433 et
1651 3394 1842 3434 rerum
1868 3377 2177 3433 forensium
2200 3375 2555 3450 experientia.

537 3464 638 3536 Ep.
714 3464 767 3518 5.
808 3463 1084 3520 anno
1113 3465 1503 3521 Sumonmzsn
1529 3496 1595 3506 —
1617 3466 1938 3538 Nunquam
1965 3467 2175 3521 hercle.

860 3554 1006 3625 Ary.
1038 3552 1123 3607 Ne
1146 3553 1316 3609 nimis
1341 3540 1533 3609 faciles
1561 3554 1807 3626 praebeat
1834 3570 1997 3608 aures
2024 3553 2093 3608 iis
2119 3553 2218 3625 qui
2259 3552 2379 3607 eius
2417 3552 2644 3607 nomine

927 3643 1137 3717 aliquid
1164 3649 1379 3716 petunt.

536 3735 636 3807 Ep.
711 3736 766 3791 6.
806 3735 1131 3792 ancisco
1159 3736 1371 3790 Pmom
1399 3734 1496 3790 SS.
1527 3734 1982 3790 Aposrononnm.
2005 3732 2369 3804 —Lonyaevi
2402 3731 2639 3786 silentii.

860 3825 1005 3897 Arq.
1037 3824 1300 3880 Diuturni
1315 3825 1519 3880 silentii
1537 3841 1732 3880 causas
1759 3822 1984 3896 promit,
2013 3840 2152 3896 quas
2171 3823 2320 3878 inter
2345 3821 2643 3877 adventum
2717 3846 2746 3863 -

925 3914 1105 3971 amici.
1136 3913 1373 3970 Litteras
1400 3914 1656 3985 queritur
1681 3913 1740 3968 in
1768 3913 1966 3968 itinere
1992 3911 2269 3983 intercipi.
2507 3918 2510 3921 ’

538 4002 640 4073 Ep.
715 4001 769 4054 7.
810 4000 1136 4059 ancisco
1165 4005 1377 4060 Pmom
1406 4004 1502 4059 SS.
1536 4004 1991 4058 Aposroromm.
2026 4001 2156 4056 Non
2185 4004 2350 4055 tuam
2375 4000 2583 4069 fateor.

857 4089 1002 4162 Arq.
1032 4091 1360 4149 Discessisse
1387 4091 1630 4148 amicum
1658 4092 1816 4148 cuius
1844 4091 2201 4147 nunciaverat
2227 4087 2551 4144 adventum:
2582 4099 2642 4138 se

929 4181 1176 4252 epistolis
1203 4183 1319 4239 suis
1343 4181 1667 4253 colligendis
1695 4198 1922 4253 operam
1951 4181 2103 4236 dare.
