3104 4805
645 401 771 449 XXX
1470 396 1994 445 PROLEGOMENON.

938 640 1163 693 INITIA
1226 639 1695 696 LITTERARUM
2437 666 2606 715 onno
2647 664 3059 715 EPISTOLARU}

753 758 1192 800 ALPRABETICO
1257 757 1485 798 ORDINE
1551 757 1887 799 DISPOSITA
2348 779 3059 822 “d-...-

1136 878 1218 925 ET
1263 878 1505 926 ΝΟΜΙΝΑ
2530 895 2774 934 venen

774 981 949 1022 nomm
981 981 1047 1020 Al>
1080 978 1211 1029 Quos
1243 977 1483 1017 LlT'rEnAE
1508 978 1672 1018 inssffi
1705 980 1853 1020 SUNT.
2549 959 2760 995 ’8811503-

1653 1099 2164 1107 ————

479 1190 707 1303 Agrcst}
769 1188 1112 1315 {sextil-gum:
1144 1188 1347 1242 lectum
1373 1186 1513 1240 cani.
1593 1228 2187 1241 ...........
2536 1187 2596 1242 F.
2635 1187 2759 1242 104.

476 1340 591 1394 Ah!
623 1341 865 1412 quoties,
895 1337 1154 1405 Barbate,
1181 1336 1352 1407 quaeri
1378 1328 1545 1390 soleo.
1593 1376 3005 1393 ........................

672 1411 740 1455 Ad
778 1409 1025 1453 Barbatum
1053 1406 1414 1450 salmoriensem.

476 1491 523 1544 A
552 1490 740 1544 limine
768 1489 961 1542 mortis
989 1494 1040 1541 te
1068 1502 1349 1540 reversum
1357 1525 3002 1543 ............................

672 1559 740 1603 Ad
768 1560 990 1614 ignotum.

476 1638 840 1711 Aliquandiu,
868 1644 1022 1710 pater
1046 1634 1356 1691 beatissime
1364 1675 2187 1690 ...............
2491 1640 2547 1693 S,
2590 1639 2709 1693 VII,
2749 1640 2801 1693 1,

673 1709 741 1753 Ad
772 1708 1005 1754 Urbanum
1032 1707 1099 1759 V,
1131 1707 1262 1750 Pont.
1291 1705 1413 1748 Max.

476 1789 699 1862 Aliquot
727 1794 852 1843 ante
880 1805 1071 1843 annos
1135 1827 2186 1841 ...................
2508 1790 2564 1844 S.
2606 1789 2700 1843 XI,
2741 1789 2794 1843 4,

673 1860 741 1904 Ad
771 1859 1004 1904 Colutium
1031 1860 1091 1903 de
1120 1856 1353 1911 Stignano.

476 1940 823 1996 Altissimum
850 1938 1088 2010 regionis
1114 1935 1282 1990 huius
1309 1941 1574 1991 montem.
1654 1976 2184 1994 ..........
2551 1939 2610 1994 F.
2650 1940 2737 1994 21.

674 2010 744 2055 Ad
773 2009 1040 2065 Dionysium
1067 2007 1126 2051 de
1156 2005 1308 2062 Burgo
1336 2008 1379 2051 S.
1410 2005 1665 2061 Sepulchri.

475 2090 696 2144 Amicas
721 2107 883 2144 aures
911 2090 1120 2143 amicus
1148 2102 1348 2141 sermo.
1420 2125 2186 2144 ..............
2519 2092 2646 2146 Var,
2685 2091 2775 2145 46.

669 2162 738 2205 Ad
769 2160 1026 2215 Philippum
1059 2158 1324 2201 vitriacum.

475 2241 666 2295 Amice
696 2240 897 2312 quibus
923 2238 1113 2294 oculis.
1187 2276 3059 2297 ................................

671 2315 741 2355 Λα
768 2310 972 2355 Medium
1003 2310 1312 2352 parmensem.

473 2391 797 2447 Amicorum
822 2390 1017 2462 pavida
1043 2402 1264 2458 semper
1289 2385 1534 2442 absentia
1540 2427 3002 2448 .........................

667 2463 736 2507 Ad
762 2462 1012 2505 Socratem.

473 2541 729 2594 Amicum
758 2541 965 2595 bonum
993 2536 1236 2609 periisse.
1291 2577 2184 2596 ................
2551 2542 2611 2597 F.
2652 2543 2740 2598 13.
2772 2593 2778 2600 ,

667 2611 736 2654 Ad
754 2612 977 2665 ignotum.
1514 2623 1523 2636 «

474 2690 727 2745 Amicum
754 2689 890 2744 facie
918 2689 1165 2759 ignotum
1173 2727 3007 2748 ...............................

670 2761 738 2806 Ad
767 2760 1150 2804 Bartholomaeum
1171 2756 1459 2802 lauuensem.

473 2840 701 2895 Amicus
727 2845 913 2895 noster
938 2837 1247 2894 communis
1254 2878 1719 2892 .........
1763 2841 1777 2893 “.
1825 2882 2183 2898 .......
2536 2845 2662 2899 Var.
2702 2845 2756 2898 6.

670 2912 739 2956 Ad
766 2911 1053 2956 Nicolosium
1083 2906 1418 2953 Bartholomaei.

475 2990 778 3046 Amisimus
805 2992 1001 3046 fratres
1028 2987 1408 3043 amantissimi.
1471 3029 3009 3048 ..........................

669 3061 737 3106 Ad
764 3059 953 3106 Clerum
982 3059 1202 3104 Ecclesiae
1231 3058 1472 3103 Paduanae.

474 3139 712 3211 Ancipiti
737 3141 795 3194 in
820 3140 967 3194 bivio
993 3155 1116 3193 sum
1124 3178 2183 3198 ...................
2552 3144 2611 3198 F.
2652 3145 2742 3200 52.

670 3211 738 3255 Ad
764 3210 1019 3254 Johannem
1047 3208 1319 3254 Columnam
1348 3208 1475 3252 card.

474 3290 786 3360 Angustum
812 3290 934 3343 vitae
962 3289 1217 3360 spatium.
1298 3328 3010 3351 .............................

671 3359 739 3403 Ad
772 3360 1062 3404 Franciscum
1091 3361 1167 3403 SS.
1199 3357 1535 3413 Apostolorum.

474 3440 693 3495 Anilem
732 3441 829 3495 tibi
854 3440 1128 3494 fabellam.
1183 3479 2183 3498 ..................
2551 3445 2611 3500 F.
2652 3447 2740 3502 39.

668 3511 737 3555 Ad
762 3511 1014 3555 Jobanuem
1044 3509 1283 3554 Columna.

474 3589 850 3646 Animadverti
878 3609 944 3646 ex
973 3590 1201 3663 epistola
1207 3631 3011 3654 ...............................

668 3663 737 3706 Ad
767 3662 1060 3708 Franciscum
1090 3659 1163 3705 SS.
1194 3660 1533 3716 Apostolorum.

474 3738 850 3795 Animadverti
876 3760 942 3796 ex
969 3742 1165 3797 litteris
1193 3742 1302 3797 tuis
1309 3782 2185 3800 .................
2507 3747 2564 3800 S.
2604 3747 2696 3801 VI.
2737 3747 2790 3801 2.

668 3810 738 3854 Ad
765 3811 1019 3856 Johanuem
1046 3813 1105 3857 de
1134 3812 1365 3857 Certaldo.

472 3883 657 3942 Animi
685 3906 817 3943 cura
844 3891 1231 3964 philosophum
1238 3932 2183 3951 .................
2565 3895 2626 3950 F.
2666 3897 2720 3950 8.

473 3978 482 3986 ·
668 3958 737 4003 Ad
764 3959 983 4004 'rhomam
1010 3962 1369 4008 Messanensem.

471 4037 656 4091 Animi
683 4039 764 4092 tui
789 4043 992 4095 statum
1020 4058 1084 4096 ex
1111 4043 1305 4099 litteris
1311 4084 2940 4101 ............................
2995 4092 3006 4104 .

665 4108 735 4153 Ad
765 4107 970 4154 Laelium.

471 4187 734 4243 Animum
762 4195 922 4244 tuum
949 4207 1117 4263 quam
1144 4191 1388 4249 visibilis
1470 4235 2179 4248 .............
2547 4194 2607 4249 F.
2648 4196 2734 4251 38.

661 4261 730 4305 Ad
758 4260 976 4307 Marcum.
