<?xml version="1.0" encoding="UTF-8"?>
<!DOCTYPE html PUBLIC "-//W3C//DTD XHTML 1.0 Transitional//EN"
    "http://www.w3.org/TR/xhtml1/DTD/xhtml1-transitional.dtd">
<html xmlns="http://www.w3.org/1999/xhtml" xml:lang="en" lang="en">
 <head>
  <title>
</title>
<meta http-equiv="Content-Type" content="text/html;charset=utf-8" />
  <meta name='ocr-system' content='tesseract 3.04.00' />
  <meta name='ocr-capabilities' content='ocr_page ocr_carea ocr_par ocr_line ocrx_word'/>
</head>
<body>
  <div class='ocr_page' id='page_1' title='image "./epistolaederebu00unkngoog_0405.png"; bbox 0 0 3104 4805; ppageno 0'>
   <div class='ocr_carea' id='block_1_1' title="bbox 910 353 2668 438">
    <p class='ocr_par' dir='ltr' id='par_1_1' title="bbox 910 353 2668 438">
     <span class='ocr_line' id='line_1_1' title="bbox 910 353 2668 438; baseline 0.001 -24"><span class='ocrx_word' id='word_1_1' title='bbox 910 366 1092 414; x_wconf 65' lang='lat' dir='ltr'><strong>Lmen</strong></span> <span class='ocrx_word' id='word_1_2' title='bbox 1136 366 1864 424; x_wconf 62' lang='lat' dir='ltr'><strong>omarus—nmmum</strong></span> <span class='ocrx_word' id='word_1_3' title='bbox 1909 369 2030 416; x_wconf 79' lang='lat' dir='ltr'><strong>xiv.</strong></span> <span class='ocrx_word' id='word_1_4' title='bbox 2427 353 2538 415; x_wconf 69' lang='lat'><strong>237</strong></span> <span class='ocrx_word' id='word_1_5' title='bbox 2634 402 2668 438; x_wconf 73' lang='grc'><strong><em>,</em></strong></span> 
     </span>
    </p>
   </div>
   <div class='ocr_carea' id='block_1_2' title="bbox 398 515 2550 729">
    <p class='ocr_par' dir='ltr' id='par_1_2' title="bbox 398 515 2550 729">
     <span class='ocr_line' id='line_1_2' title="bbox 399 515 2548 607; baseline -0 -23"><span class='ocrx_word' id='word_1_6' title='bbox 399 515 911 607; x_wconf 78' lang='lat' dir='ltr'><strong>inquisitionem</strong></span> <span class='ocrx_word' id='word_1_7' title='bbox 964 515 1086 586; x_wconf 89' lang='lat' dir='ltr'><strong>tibi</strong></span> <span class='ocrx_word' id='word_1_8' title='bbox 1134 515 1567 586; x_wconf 81' lang='lat' dir='ltr'><strong>commisisse</strong></span> <span class='ocrx_word' id='word_1_9' title='bbox 1629 516 1898 598; x_wconf 88' lang='lat' dir='ltr'><strong>videar,</strong></span> <span class='ocrx_word' id='word_1_10' title='bbox 1975 535 2186 607; x_wconf 88' lang='lat' dir='ltr'><strong>quam</strong></span> <span class='ocrx_word' id='word_1_11' title='bbox 2269 515 2548 586; x_wconf 92' lang='lat' dir='ltr'><strong>nonnisi</strong></span> 
     </span>
     <span class='ocr_line' id='line_1_3' title="bbox 398 636 2550 729; baseline 0 -21"><span class='ocrx_word' id='word_1_12' title='bbox 398 636 950 729; x_wconf 82' lang='lat' dir='ltr'><strong>quingentesimo</strong></span> <span class='ocrx_word' id='word_1_13' title='bbox 984 659 1164 710; x_wconf 88' lang='lat' dir='ltr'><strong>anno</strong></span> <span class='ocrx_word' id='word_1_14' title='bbox 1205 637 1476 710; x_wconf 87' lang='lat' dir='ltr'><strong>renasci</strong></span> <span class='ocrx_word' id='word_1_15' title='bbox 1513 637 1826 721; x_wconf 85' lang='lat' dir='ltr'><strong>solitam,</strong></span> <span class='ocrx_word' id='word_1_16' title='bbox 1883 657 1965 707; x_wconf 92' lang='lat' dir='ltr'><strong>ac</strong></span> <span class='ocrx_word' id='word_1_17' title='bbox 2006 647 2147 709; x_wconf 89' lang='lat' dir='ltr'><strong>toto</strong></span> <span class='ocrx_word' id='word_1_18' title='bbox 2195 637 2360 709; x_wconf 90' lang='lat' dir='ltr'><strong>orbe</strong></span> <span class='ocrx_word' id='word_1_19' title='bbox 2397 639 2550 709; x_wconf 91' lang='lat' dir='ltr'><strong>uni—</strong></span> 
     </span>
    </p>
   </div>
   <div class='ocr_carea' id='block_1_3' title="bbox 396 758 2544 954">
    <p class='ocr_par' dir='ltr' id='par_1_3' title="bbox 396 758 2544 954">
     <span class='ocr_line' id='line_1_4' title="bbox 396 758 2544 853; baseline -0 -21"><span class='ocrx_word' id='word_1_20' title='bbox 396 783 549 832; x_wconf 89' lang='lat' dir='ltr'><strong>cam</strong></span> <span class='ocrx_word' id='word_1_21' title='bbox 590 763 848 848; x_wconf 85' lang='lat' dir='ltr'><strong>ferunt,</strong></span> <span class='ocrx_word' id='word_1_22' title='bbox 902 770 976 833; x_wconf 85' lang='lat' dir='ltr'><strong>et</strong></span> <span class='ocrx_word' id='word_1_23' title='bbox 1020 762 1221 835; x_wconf 90' lang='lat' dir='ltr'><strong>nobis</strong></span> <span class='ocrx_word' id='word_1_24' title='bbox 1272 762 1342 831; x_wconf 92' lang='lat' dir='ltr'><strong>in</strong></span> <span class='ocrx_word' id='word_1_25' title='bbox 1400 761 1758 834; x_wconf 87' lang='lat' dir='ltr'><strong>occidente</strong></span> <span class='ocrx_word' id='word_1_26' title='bbox 1808 758 2054 853; x_wconf 88' lang='lat' dir='ltr'><strong>positis</strong></span> <span class='ocrx_word' id='word_1_27' title='bbox 2105 759 2544 852; x_wconf 80' lang='lat' dir='ltr'><strong>incognitam.</strong></span> 
     </span>
     <span class='ocr_line' id='line_1_5' title="bbox 398 884 591 954; baseline -0.005 -1"><span class='ocrx_word' id='word_1_28' title='bbox 398 884 591 954; x_wconf 88' lang='lat' dir='ltr'><strong>Vale.</strong></span> 
     </span>
    </p>
   </div>
   <div class='ocr_carea' id='block_1_4' title="bbox 1215 1268 1723 1334">
    <p class='ocr_par' dir='ltr' id='par_1_4' title="bbox 1215 1268 1723 1334">
     <span class='ocr_line' id='line_1_6' title="bbox 1215 1268 1723 1334; baseline -0.002 0"><span class='ocrx_word' id='word_1_29' title='bbox 1215 1268 1569 1334; x_wconf 84' lang='lat' dir='ltr'>EPISTOLA</span> <span class='ocrx_word' id='word_1_30' title='bbox 1609 1270 1723 1334; x_wconf 88' lang='lat' dir='ltr'><strong>XV.</strong></span> 
     </span>
    </p>
   </div>
   <div class='ocr_carea' id='block_1_5' title="bbox 446 1464 2489 1518">
    <p class='ocr_par' dir='ltr' id='par_1_5' title="bbox 446 1464 2489 1518">
     <span class='ocr_line' id='line_1_7' title="bbox 446 1464 2489 1518; baseline 0 -3"><span class='ocrx_word' id='word_1_31' title='bbox 446 1466 828 1516; x_wconf 78' lang='lat' dir='ltr'>FRANCISCUS</span> <span class='ocrx_word' id='word_1_32' title='bbox 864 1465 1196 1515; x_wconf 71' lang='lat' dir='ltr'><strong>PETRARCA</strong></span> <span class='ocrx_word' id='word_1_33' title='bbox 1229 1464 1492 1515; x_wconf 80' lang='lat' dir='ltr'>IOHANNI</span> <span class='ocrx_word' id='word_1_34' title='bbox 1528 1464 1800 1514; x_wconf 76' lang='lat' dir='ltr'><strong>ANDREAE</strong></span> <span class='ocrx_word' id='word_1_35' title='bbox 1835 1465 2214 1517; x_wconf 79' lang='lat' dir='ltr'><strong>BONONIENSI</strong></span> <span class='ocrx_word' id='word_1_36' title='bbox 2247 1470 2301 1518; x_wconf 87' lang='lat' dir='ltr'><strong>S.</strong></span> <span class='ocrx_word' id='word_1_37' title='bbox 2339 1469 2393 1517; x_wconf 75' lang='lat' dir='ltr'><strong>P.</strong></span> <span class='ocrx_word' id='word_1_38' title='bbox 2430 1470 2489 1517; x_wconf 89' lang='lat' dir='ltr'><strong>D.</strong></span> 
     </span>
    </p>
   </div>
   <div class='ocr_carea' id='block_1_6' title="bbox 490 1649 2443 1724">
    <p class='ocr_par' dir='ltr' id='par_1_6' title="bbox 490 1649 2443 1724">
     <span class='ocr_line' id='line_1_8' title="bbox 490 1649 2443 1724; baseline 0 -17"><span class='ocrx_word' id='word_1_39' title='bbox 490 1651 865 1723; x_wconf 85' lang='lat' dir='ltr'><strong>Reprehendit</strong></span> <span class='ocrx_word' id='word_1_40' title='bbox 890 1652 1186 1707; x_wconf 83' lang='lat' dir='ltr'><strong>vanitatem</strong></span> <span class='ocrx_word' id='word_1_41' title='bbox 1213 1651 1363 1719; x_wconf 88' lang='lat' dir='ltr'><strong>eius,</strong></span> <span class='ocrx_word' id='word_1_42' title='bbox 1392 1655 1449 1705; x_wconf 88' lang='lat' dir='ltr'><strong>et</strong></span> <span class='ocrx_word' id='word_1_43' title='bbox 1475 1649 1773 1704; x_wconf 87' lang='lat' dir='ltr'><strong>nonnullos</strong></span> <span class='ocrx_word' id='word_1_44' title='bbox 1800 1649 1923 1705; x_wconf 89' lang='lat' dir='ltr'><strong>eius</strong></span> <span class='ocrx_word' id='word_1_45' title='bbox 1949 1666 2167 1705; x_wconf 88' lang='lat' dir='ltr'><strong>errores</strong></span> <span class='ocrx_word' id='word_1_46' title='bbox 2196 1652 2443 1724; x_wconf 81' lang='lat' dir='ltr'><strong>castigat.</strong></span> 
     </span>
    </p>
   </div>
   <div class='ocr_carea' id='block_1_7' title="bbox 385 1874 2549 4186">
    <p class='ocr_par' dir='ltr' id='par_1_7' title="bbox 385 1874 2549 4186">
     <span class='ocr_line' id='line_1_9' title="bbox 641 1874 2546 1968; baseline -0.001 -22"><span class='ocrx_word' id='word_1_47' title='bbox 641 1876 840 1948; x_wconf 90' lang='lat' dir='ltr'><strong>Dictu</strong></span> <span class='ocrx_word' id='word_1_48' title='bbox 879 1874 1156 1948; x_wconf 89' lang='lat' dir='ltr'><strong>difficile</strong></span> <span class='ocrx_word' id='word_1_49' title='bbox 1194 1886 1306 1947; x_wconf 90' lang='lat' dir='ltr'><strong>est</strong></span> <span class='ocrx_word' id='word_1_50' title='bbox 1352 1885 1685 1968; x_wconf 87' lang='lat' dir='ltr'><strong>quantum</strong></span> <span class='ocrx_word' id='word_1_51' title='bbox 1739 1894 1947 1946; x_wconf 88' lang='lat' dir='ltr'><strong>aures</strong></span> <span class='ocrx_word' id='word_1_52' title='bbox 1999 1896 2226 1960; x_wconf 81' lang='lat' dir='ltr'><strong>meaS,</strong></span> <span class='ocrx_word' id='word_1_53' title='bbox 2272 1877 2546 1967; x_wconf 89' lang='lat' dir='ltr'><strong>vulgari</strong></span> 
     </span>
     <span class='ocr_line' id='line_1_10' title="bbox 394 1996 2549 2092; baseline -0 -23"><span class='ocrx_word' id='word_1_54' title='bbox 394 2000 622 2069; x_wconf 89' lang='lat' dir='ltr'><strong>fessas</strong></span> <span class='ocrx_word' id='word_1_55' title='bbox 674 1998 993 2091; x_wconf 88' lang='lat' dir='ltr'><strong>strepitu,</strong></span> <span class='ocrx_word' id='word_1_56' title='bbox 1029 1998 1321 2092; x_wconf 87' lang='lat' dir='ltr'><strong>epistola</strong></span> <span class='ocrx_word' id='word_1_57' title='bbox 1361 2006 1480 2068; x_wconf 88' lang='lat' dir='ltr'><strong>tua</strong></span> <span class='ocrx_word' id='word_1_58' title='bbox 1520 1996 1630 2067; x_wconf 88' lang='lat' dir='ltr'><strong>bis</strong></span> <span class='ocrx_word' id='word_1_59' title='bbox 1672 2008 1914 2090; x_wconf 90' lang='lat' dir='ltr'><strong>terque</strong></span> <span class='ocrx_word' id='word_1_60' title='bbox 1956 1998 2207 2069; x_wconf 90' lang='lat' dir='ltr'><strong>relecta</strong></span> <span class='ocrx_word' id='word_1_61' title='bbox 2248 2001 2549 2091; x_wconf 89' lang='lat' dir='ltr'><strong>permul-</strong></span> 
     </span>
     <span class='ocr_line' id='line_1_11' title="bbox 395 2117 2548 2213; baseline 0 -23"><span class='ocrx_word' id='word_1_62' title='bbox 395 2119 592 2190; x_wconf 83' lang='lat' dir='ltr'><strong>serit:</strong></span> <span class='ocrx_word' id='word_1_63' title='bbox 636 2141 797 2211; x_wconf 84' lang='lat' dir='ltr'><strong>quae</strong></span> <span class='ocrx_word' id='word_1_64' title='bbox 854 2140 1278 2213; x_wconf 88' lang='lat' dir='ltr'><strong>quamquam</strong></span> <span class='ocrx_word' id='word_1_65' title='bbox 1333 2117 1452 2190; x_wconf 90' lang='lat' dir='ltr'><strong>tibi</strong></span> <span class='ocrx_word' id='word_1_66' title='bbox 1502 2117 1802 2191; x_wconf 89' lang='lat' dir='ltr'><strong>verbosa</strong></span> <span class='ocrx_word' id='word_1_67' title='bbox 1869 2118 2256 2205; x_wconf 88' lang='lat' dir='ltr'><strong>videretur,</strong></span> <span class='ocrx_word' id='word_1_68' title='bbox 2329 2131 2405 2190; x_wconf 90' lang='lat' dir='ltr'><strong>ut</strong></span> <span class='ocrx_word' id='word_1_69' title='bbox 2453 2143 2548 2192; x_wconf 85' lang='lat' dir='ltr'><strong>ex</strong></span> 
     </span>
     <span class='ocr_line' id='line_1_12' title="bbox 396 2238 2547 2337; baseline 0.002 -28"><span class='ocrx_word' id='word_1_70' title='bbox 396 2238 534 2311; x_wconf 87' lang='lat' dir='ltr'><strong>fine</strong></span> <span class='ocrx_word' id='word_1_71' title='bbox 570 2241 903 2332; x_wconf 81' lang='lat' dir='ltr'><strong>cognovi,</strong></span> <span class='ocrx_word' id='word_1_72' title='bbox 950 2261 1082 2332; x_wconf 87' lang='lat' dir='ltr'><strong>ego</strong></span> <span class='ocrx_word' id='word_1_73' title='bbox 1122 2251 1354 2312; x_wconf 83' lang='lat' dir='ltr'><strong>tamen</strong></span> <span class='ocrx_word' id='word_1_74' title='bbox 1394 2241 1462 2309; x_wconf 92' lang='lat' dir='ltr'><strong>in</strong></span> <span class='ocrx_word' id='word_1_75' title='bbox 1501 2262 1586 2312; x_wconf 88' lang='lat' dir='ltr'><strong>ea</strong></span> <span class='ocrx_word' id='word_1_76' title='bbox 1620 2241 1713 2311; x_wconf 91' lang='lat' dir='ltr'><strong>nil</strong></span> <span class='ocrx_word' id='word_1_77' title='bbox 1752 2251 2007 2337; x_wconf 67' lang='lat' dir='ltr'><strong>praeter</strong></span> <span class='ocrx_word' id='word_1_78' title='bbox 2041 2241 2547 2336; x_wconf 87' lang='lat' dir='ltr'><strong>breviloquium</strong></span> 
     </span>
     <span class='ocr_line' id='line_1_13' title="bbox 393 2363 2547 2462; baseline 0.002 -26"><span class='ocrx_word' id='word_1_79' title='bbox 393 2366 741 2437; x_wconf 83' lang='lat' dir='ltr'><strong>accusavi.</strong></span> <span class='ocrx_word' id='word_1_80' title='bbox 809 2365 1051 2459; x_wconf 89' lang='lat' dir='ltr'><strong>Itaque</strong></span> <span class='ocrx_word' id='word_1_81' title='bbox 1102 2363 1703 2437; x_wconf 89' lang='lat' dir='ltr'><strong>comminationem</strong></span> <span class='ocrx_word' id='word_1_82' title='bbox 1745 2364 1927 2437; x_wconf 89' lang='lat' dir='ltr'><strong>illam</strong></span> <span class='ocrx_word' id='word_1_83' title='bbox 1969 2364 2330 2452; x_wconf 67' lang='lat' dir='ltr'><strong>ultimam„</strong></span> <span class='ocrx_word' id='word_1_84' title='bbox 2357 2369 2547 2462; x_wconf 91' lang='lat' dir='ltr'><strong>quod</strong></span> 
     </span>
     <span class='ocr_line' id='line_1_14' title="bbox 390 2487 2541 2587; baseline 0.002 -29"><span class='ocrx_word' id='word_1_85' title='bbox 390 2487 719 2582; x_wconf 88' lang='lat' dir='ltr'><strong>deinceps</strong></span> <span class='ocrx_word' id='word_1_86' title='bbox 769 2488 1319 2584; x_wconf 87' lang='lat' dir='ltr'><strong>compendiosior</strong></span> <span class='ocrx_word' id='word_1_87' title='bbox 1358 2490 1490 2560; x_wconf 82' lang='lat' dir='ltr'><strong>&#39;sis</strong></span> <span class='ocrx_word' id='word_1_88' title='bbox 1564 2491 1871 2575; x_wconf 82' lang='lat' dir='ltr'><strong>futuruS,</strong></span> <span class='ocrx_word' id='word_1_89' title='bbox 1937 2489 2197 2562; x_wconf 89' lang='lat' dir='ltr'><strong>invitus</strong></span> <span class='ocrx_word' id='word_1_90' title='bbox 2273 2494 2541 2587; x_wconf 86' lang='lat' dir='ltr'><strong>aspexi.</strong></span> 
     </span>
     <span class='ocr_line' id='line_1_15' title="bbox 390 2613 2542 2709; baseline 0.001 -26"><span class='ocrx_word' id='word_1_91' title='bbox 390 2614 663 2684; x_wconf 86' lang='lat' dir='ltr'><strong>Mallem</strong></span> <span class='ocrx_word' id='word_1_92' title='bbox 702 2614 1037 2709; x_wconf 81' lang='lat' dir='ltr'><strong>prolixior</strong></span> <span class='ocrx_word' id='word_1_93' title='bbox 1084 2635 1306 2686; x_wconf 90' lang='lat' dir='ltr'><strong>esses.</strong></span> <span class='ocrx_word' id='word_1_94' title='bbox 1351 2614 1438 2685; x_wconf 89' lang='lat' dir='ltr'><strong>Ut</strong></span> <span class='ocrx_word' id='word_1_95' title='bbox 1477 2613 1644 2686; x_wconf 91' lang='lat' dir='ltr'><strong>libet</strong></span> <span class='ocrx_word' id='word_1_96' title='bbox 1685 2624 1949 2685; x_wconf 90' lang='lat' dir='ltr'><strong>tamen:</strong></span> <span class='ocrx_word' id='word_1_97' title='bbox 1995 2623 2068 2685; x_wconf 92' lang='lat' dir='ltr'><strong>tu</strong></span> <span class='ocrx_word' id='word_1_98' title='bbox 2122 2624 2349 2708; x_wconf 85' lang='lat' dir='ltr'><strong>pater:</strong></span> <span class='ocrx_word' id='word_1_99' title='bbox 2404 2637 2542 2685; x_wconf 91' lang='lat' dir='ltr'><strong>non</strong></span> 
     </span>
     <span class='ocr_line' id='line_1_16' title="bbox 392 2736 2545 2829; baseline 0.002 -23"><span class='ocrx_word' id='word_1_100' title='bbox 392 2746 459 2806; x_wconf 91' lang='lat' dir='ltr'><strong>te</strong></span> <span class='ocrx_word' id='word_1_101' title='bbox 511 2736 701 2822; x_wconf 92' lang='lat' dir='ltr'><strong>mihi,</strong></span> <span class='ocrx_word' id='word_1_102' title='bbox 775 2736 899 2808; x_wconf 92' lang='lat' dir='ltr'><strong>sed</strong></span> <span class='ocrx_word' id='word_1_103' title='bbox 949 2758 1063 2808; x_wconf 93' lang='lat' dir='ltr'><strong>me</strong></span> <span class='ocrx_word' id='word_1_104' title='bbox 1113 2736 1232 2808; x_wconf 89' lang='lat' dir='ltr'><strong>tibi</strong></span> <span class='ocrx_word' id='word_1_105' title='bbox 1282 2758 1545 2808; x_wconf 89' lang='lat' dir='ltr'><strong>morem</strong></span> <span class='ocrx_word' id='word_1_106' title='bbox 1599 2758 1841 2829; x_wconf 83' lang='lat' dir='ltr'><strong>gerere</strong></span> <span class='ocrx_word' id='word_1_107' title='bbox 1892 2736 2180 2828; x_wconf 90' lang='lat' dir='ltr'><strong>dignum</strong></span> <span class='ocrx_word' id='word_1_108' title='bbox 2231 2747 2359 2808; x_wconf 88' lang='lat' dir='ltr'><strong>est.</strong></span> <span class='ocrx_word' id='word_1_109' title='bbox 2406 2738 2545 2810; x_wconf 90' lang='lat' dir='ltr'><strong>Sed</strong></span> 
     </span>
     <span class='ocr_line' id='line_1_17' title="bbox 392 2856 2542 2954; baseline 0.003 -29"><span class='ocrx_word' id='word_1_110' title='bbox 392 2856 573 2928; x_wconf 88' lang='lat' dir='ltr'><strong>itane</strong></span> <span class='ocrx_word' id='word_1_111' title='bbox 640 2866 855 2928; x_wconf 86' lang='lat' dir='ltr'><strong>totum</strong></span> <span class='ocrx_word' id='word_1_112' title='bbox 908 2856 978 2926; x_wconf 95' lang='lat' dir='ltr'><strong>in</strong></span> <span class='ocrx_word' id='word_1_113' title='bbox 1043 2868 1159 2929; x_wconf 88' lang='lat' dir='ltr'><strong>tua</strong></span> <span class='ocrx_word' id='word_1_114' title='bbox 1210 2880 1420 2930; x_wconf 87' lang='lat' dir='ltr'><strong>manu</strong></span> <span class='ocrx_word' id='word_1_115' title='bbox 1470 2857 1772 2954; x_wconf 91' lang='lat' dir='ltr'><strong>positum</strong></span> <span class='ocrx_word' id='word_1_116' title='bbox 1837 2860 2022 2929; x_wconf 76' lang='lat' dir='ltr'><strong>erit?</strong></span> <span class='ocrx_word' id='word_1_117' title='bbox 2085 2858 2196 2930; x_wconf 87' lang='lat' dir='ltr'><strong>An</strong></span> <span class='ocrx_word' id='word_1_118' title='bbox 2262 2859 2542 2952; x_wconf 87' lang='lat' dir='ltr'><strong>ignoras</strong></span> 
     </span>
     <span class='ocr_line' id='line_1_18' title="bbox 388 2980 2542 3076; baseline 0 -23"><span class='ocrx_word' id='word_1_119' title='bbox 388 2980 574 3075; x_wconf 89' lang='lat' dir='ltr'><strong>quod</strong></span> <span class='ocrx_word' id='word_1_120' title='bbox 640 3001 827 3076; x_wconf 87' lang='lat' dir='ltr'><strong>saepe</strong></span> <span class='ocrx_word' id='word_1_121' title='bbox 899 2982 1186 3052; x_wconf 87' lang='lat' dir='ltr'><strong>consilio</strong></span> <span class='ocrx_word' id='word_1_122' title='bbox 1260 2981 1619 3053; x_wconf 89' lang='lat' dir='ltr'><strong>dissimilis</strong></span> <span class='ocrx_word' id='word_1_123' title='bbox 1692 2992 1802 3054; x_wconf 88' lang='lat' dir='ltr'><strong>est</strong></span> <span class='ocrx_word' id='word_1_124' title='bbox 1872 2986 2230 3054; x_wconf 82' lang='lat' dir='ltr'><strong>eventus?</strong></span> <span class='ocrx_word' id='word_1_125' title='bbox 2278 2981 2542 3055; x_wconf 90' lang='lat' dir='ltr'><strong>Audies</strong></span> 
     </span>
     <span class='ocr_line' id='line_1_19' title="bbox 389 3105 2544 3199; baseline 0.001 -25"><span class='ocrx_word' id='word_1_126' title='bbox 389 3107 561 3176; x_wconf 83' lang='lat' dir='ltr'><strong>sorte</strong></span> <span class='ocrx_word' id='word_1_127' title='bbox 613 3105 801 3198; x_wconf 90' lang='lat' dir='ltr'><strong>quod</strong></span> <span class='ocrx_word' id='word_1_128' title='bbox 849 3107 959 3177; x_wconf 92' lang='lat' dir='ltr'><strong>vel</strong></span> <span class='ocrx_word' id='word_1_129' title='bbox 1012 3105 1261 3176; x_wconf 88' lang='lat' dir='ltr'><strong>silentii</strong></span> <span class='ocrx_word' id='word_1_130' title='bbox 1313 3105 1598 3178; x_wconf 88' lang='lat' dir='ltr'><strong>avidum</strong></span> <span class='ocrx_word' id='word_1_131' title='bbox 1648 3106 1836 3197; x_wconf 92' lang='lat' dir='ltr'><strong>loqui</strong></span> <span class='ocrx_word' id='word_1_132' title='bbox 1887 3116 2108 3198; x_wconf 86' lang='lat' dir='ltr'><strong>cogat.</strong></span> <span class='ocrx_word' id='word_1_133' title='bbox 2147 3107 2299 3191; x_wconf 85' lang='lat' dir='ltr'><strong>Vis,</strong></span> <span class='ocrx_word' id='word_1_134' title='bbox 2356 3106 2544 3199; x_wconf 90' lang='lat' dir='ltr'><strong>quod</strong></span> 
     </span>
     <span class='ocr_line' id='line_1_20' title="bbox 391 3226 2542 3323; baseline 0 -27"><span class='ocrx_word' id='word_1_135' title='bbox 391 3226 691 3297; x_wconf 88' lang='lat' dir='ltr'><strong>minitari</strong></span> <span class='ocrx_word' id='word_1_136' title='bbox 757 3227 1003 3298; x_wconf 91' lang='lat' dir='ltr'><strong>videor</strong></span> <span class='ocrx_word' id='word_1_137' title='bbox 1030 3283 1045 3311; x_wconf 94' lang='lat'><strong>,</strong></span> <span class='ocrx_word' id='word_1_138' title='bbox 1099 3227 1234 3298; x_wconf 89' lang='lat' dir='ltr'><strong>iam</strong></span> <span class='ocrx_word' id='word_1_139' title='bbox 1288 3249 1471 3299; x_wconf 91' lang='lat' dir='ltr'><strong>nunc</strong></span> <span class='ocrx_word' id='word_1_140' title='bbox 1509 3227 1722 3299; x_wconf 88' lang='lat' dir='ltr'><strong>rebus</strong></span> <span class='ocrx_word' id='word_1_141' title='bbox 1764 3228 2081 3323; x_wconf 86' lang='lat' dir='ltr'><strong>impleam</strong></span> <span class='ocrx_word' id='word_1_142' title='bbox 2107 3231 2142 3297; x_wconf 62' lang='grc' dir='ltr'>Ῥ</span> <span class='ocrx_word' id='word_1_143' title='bbox 2191 3230 2433 3299; x_wconf 92' lang='lat' dir='ltr'><strong>Testor</strong></span> <span class='ocrx_word' id='word_1_144' title='bbox 2473 3229 2542 3297; x_wconf 90' lang='lat' dir='ltr'><strong>in</strong></span> 
     </span>
     <span class='ocr_line' id='line_1_21' title="bbox 388 3347 2544 3442; baseline 0.003 -25"><span class='ocrx_word' id='word_1_145' title='bbox 388 3347 630 3441; x_wconf 90' lang='lat' dir='ltr'><strong>primis</strong></span> <span class='ocrx_word' id='word_1_146' title='bbox 692 3351 1009 3423; x_wconf 88' lang='lat' dir='ltr'><strong>eamdem</strong></span> <span class='ocrx_word' id='word_1_147' title='bbox 1050 3372 1163 3422; x_wconf 90' lang='lat' dir='ltr'><strong>me</strong></span> <span class='ocrx_word' id='word_1_148' title='bbox 1202 3349 1291 3420; x_wconf 91' lang='lat' dir='ltr'><strong>de</strong></span> <span class='ocrx_word' id='word_1_149' title='bbox 1336 3360 1400 3420; x_wconf 92' lang='lat' dir='ltr'><strong>te</strong></span> <span class='ocrx_word' id='word_1_150' title='bbox 1451 3350 1839 3441; x_wconf 91' lang='lat' dir='ltr'><strong>opinionem</strong></span> <span class='ocrx_word' id='word_1_151' title='bbox 1883 3372 2158 3442; x_wconf 80' lang='lat' dir='ltr'><strong>gerere,</strong></span> <span class='ocrx_word' id='word_1_152' title='bbox 2203 3372 2413 3442; x_wconf 90' lang='lat' dir='ltr'><strong>quam</strong></span> <span class='ocrx_word' id='word_1_153' title='bbox 2454 3351 2544 3423; x_wconf 92' lang='lat' dir='ltr'><strong>de</strong></span> 
     </span>
     <span class='ocr_line' id='line_1_22' title="bbox 389 3467 2543 3564; baseline 0.002 -25"><span class='ocrx_word' id='word_1_154' title='bbox 389 3467 759 3544; x_wconf 86' lang='lat' dir='ltr'><strong>Aristotele</strong></span> <span class='ocrx_word' id='word_1_155' title='bbox 801 3473 1224 3556; x_wconf 83' lang='lat' dir='ltr'><strong>Macrobius3</strong></span> <span class='ocrx_word' id='word_1_156' title='bbox 1279 3494 1405 3544; x_wconf 87' lang='lat' dir='ltr'><strong>seu</strong></span> <span class='ocrx_word' id='word_1_157' title='bbox 1444 3471 1628 3543; x_wconf 88' lang='lat' dir='ltr'><strong>illam</strong></span> <span class='ocrx_word' id='word_1_158' title='bbox 1671 3494 1892 3557; x_wconf 88' lang='lat' dir='ltr'><strong>amor,</strong></span> <span class='ocrx_word' id='word_1_159' title='bbox 1950 3495 2074 3544; x_wconf 93' lang='lat' dir='ltr'><strong>seu</strong></span> <span class='ocrx_word' id='word_1_160' title='bbox 2126 3473 2386 3544; x_wconf 89' lang='lat' dir='ltr'><strong>veritas</strong></span> <span class='ocrx_word' id='word_1_161' title='bbox 2421 3495 2543 3564; x_wconf 82' lang='lat' dir='ltr'><strong>ge-</strong></span> 
     </span>
     <span class='ocr_line' id='line_1_23' title="bbox 388 3593 2542 3690; baseline 0.002 -27"><span class='ocrx_word' id='word_1_162' title='bbox 388 3593 637 3667; x_wconf 91' lang='lat' dir='ltr'><strong>nuerit.</strong></span> <span class='ocrx_word' id='word_1_163' title='bbox 681 3598 820 3668; x_wconf 86' lang='lat' dir='ltr'><strong>Vix</strong></span> <span class='ocrx_word' id='word_1_164' title='bbox 870 3607 938 3669; x_wconf 90' lang='lat' dir='ltr'><strong>te</strong></span> <span class='ocrx_word' id='word_1_165' title='bbox 988 3597 1249 3690; x_wconf 88' lang='lat' dir='ltr'><strong>aliquid</strong></span> <span class='ocrx_word' id='word_1_166' title='bbox 1297 3597 1620 3688; x_wconf 88' lang='lat' dir='ltr'><strong>ignorare</strong></span> <span class='ocrx_word' id='word_1_167' title='bbox 1659 3616 1867 3688; x_wconf 90' lang='lat' dir='ltr'><strong>posse</strong></span> <span class='ocrx_word' id='word_1_168' title='bbox 1909 3595 2224 3685; x_wconf 88' lang='lat' dir='ltr'><strong>arbitror.</strong></span> <span class='ocrx_word' id='word_1_169' title='bbox 2270 3595 2542 3689; x_wconf 89' lang='lat' dir='ltr'><strong>Siquid</strong></span> 
     </span>
     <span class='ocr_line' id='line_1_24' title="bbox 388 3718 2542 3812; baseline 0 -25"><span class='ocrx_word' id='word_1_170' title='bbox 388 3727 617 3789; x_wconf 91' lang='lat' dir='ltr'><strong>autem</strong></span> <span class='ocrx_word' id='word_1_171' title='bbox 659 3741 830 3793; x_wconf 90' lang='lat' dir='ltr'><strong>vero</strong></span> <span class='ocrx_word' id='word_1_172' title='bbox 871 3720 1282 3794; x_wconf 73' lang='lat' dir='ltr'><strong>adversum‘</strong></span> <span class='ocrx_word' id='word_1_173' title='bbox 1317 3719 1439 3792; x_wconf 90' lang='lat' dir='ltr'><strong>tibi</strong></span> <span class='ocrx_word' id='word_1_174' title='bbox 1488 3718 1778 3805; x_wconf 83' lang='lat' dir='ltr'><strong>excidit,</strong></span> <span class='ocrx_word' id='word_1_175' title='bbox 1835 3729 1959 3791; x_wconf 88' lang='lat' dir='ltr'><strong>aut</strong></span> <span class='ocrx_word' id='word_1_176' title='bbox 2008 3719 2238 3789; x_wconf 90' lang='lat' dir='ltr'><strong>minus</strong></span> <span class='ocrx_word' id='word_1_177' title='bbox 2288 3718 2542 3812; x_wconf 86' lang='lat' dir='ltr'><strong>praevi-</strong></span> 
     </span>
     <span class='ocr_line' id='line_1_25' title="bbox 387 3839 2544 3940; baseline 0 -29"><span class='ocrx_word' id='word_1_178' title='bbox 387 3839 607 3926; x_wconf 89' lang='lat' dir='ltr'><strong>disse,</strong></span> <span class='ocrx_word' id='word_1_179' title='bbox 662 3854 782 3915; x_wconf 88' lang='lat' dir='ltr'><strong>aut</strong></span> <span class='ocrx_word' id='word_1_180' title='bbox 825 3844 1045 3940; x_wconf 91' lang='lat' dir='ltr'><strong>(quod</strong></span> <span class='ocrx_word' id='word_1_181' title='bbox 1085 3845 1175 3917; x_wconf 93' lang='lat' dir='ltr'><strong>de</strong></span> <span class='ocrx_word' id='word_1_182' title='bbox 1214 3845 1461 3918; x_wconf 92' lang='lat' dir='ltr'><strong>eodem</strong></span> <span class='ocrx_word' id='word_1_183' title='bbox 1502 3843 1598 3915; x_wconf 86' lang='lat' dir='ltr'><strong>ait</strong></span> <span class='ocrx_word' id='word_1_184' title='bbox 1637 3843 1857 3938; x_wconf 92' lang='lat' dir='ltr'><strong>idem)</strong></span> <span class='ocrx_word' id='word_1_185' title='bbox 1902 3842 2158 3914; x_wconf 89' lang='lat' dir='ltr'><strong>lusisse</strong></span> <span class='ocrx_word' id='word_1_186' title='bbox 2210 3851 2278 3913; x_wconf 81' lang='lat' dir='ltr'><strong>te</strong></span> <span class='ocrx_word' id='word_1_187' title='bbox 2313 3842 2544 3938; x_wconf 90' lang='lat' dir='ltr'><strong>suspi-</strong></span> 
     </span>
     <span class='ocr_line' id='line_1_26' title="bbox 387 3964 2542 4064; baseline 0 -28"><span class='ocrx_word' id='word_1_188' title='bbox 387 3986 525 4036; x_wconf 93' lang='lat' dir='ltr'><strong>cor.</strong></span> <span class='ocrx_word' id='word_1_189' title='bbox 568 3964 829 4061; x_wconf 90' lang='lat' dir='ltr'><strong>Nempe</strong></span> <span class='ocrx_word' id='word_1_190' title='bbox 867 3967 1055 4060; x_wconf 87' lang='lat' dir='ltr'><strong>quod</strong></span> <span class='ocrx_word' id='word_1_191' title='bbox 1090 3968 1180 4040; x_wconf 91' lang='lat' dir='ltr'><strong>de</strong></span> <span class='ocrx_word' id='word_1_192' title='bbox 1208 3968 1629 4064; x_wconf 82' lang='lat' dir='ltr'><strong>Hieronymo</strong></span> <span class='ocrx_word' id='word_1_193' title='bbox 1664 3965 1938 4050; x_wconf 89' lang='lat' dir='ltr'><strong>scribis,</strong></span> <span class='ocrx_word' id='word_1_194' title='bbox 1985 3976 2051 4038; x_wconf 87' lang='lat' dir='ltr'><strong>te</strong></span> <span class='ocrx_word' id='word_1_195' title='bbox 2077 3965 2266 4037; x_wconf 88' lang='lat' dir='ltr'><strong>illum</strong></span> <span class='ocrx_word' id='word_1_196' title='bbox 2308 3987 2542 4038; x_wconf 88' lang='lat' dir='ltr'><strong>sacro-</strong></span> 
     </span>
     <span class='ocr_line' id='line_1_27' title="bbox 385 4087 2544 4186; baseline 0.001 -29"><span class='ocrx_word' id='word_1_197' title='bbox 385 4109 540 4157; x_wconf 89' lang='lat' dir='ltr'><strong>rum</strong></span> <span class='ocrx_word' id='word_1_198' title='bbox 590 4087 963 4162; x_wconf 90' lang='lat' dir='ltr'><strong>Doctorum</strong></span> <span class='ocrx_word' id='word_1_199' title='bbox 1003 4113 1098 4163; x_wconf 81' lang='lat' dir='ltr'><strong>ex</strong></span> <span class='ocrx_word' id='word_1_200' title='bbox 1138 4112 1430 4163; x_wconf 91' lang='lat' dir='ltr'><strong>numero</strong></span> <span class='ocrx_word' id='word_1_201' title='bbox 1463 4090 1889 4186; x_wconf 63' lang='lat' dir='ltr'><strong>praetulisse,</strong></span> <span class='ocrx_word' id='word_1_202' title='bbox 1919 4090 2109 4163; x_wconf 86' lang='lat' dir='ltr'><strong>haud</strong></span> <span class='ocrx_word' id='word_1_203' title='bbox 2135 4112 2395 4163; x_wconf 89' lang='lat' dir='ltr'><strong>novum</strong></span> <span class='ocrx_word' id='word_1_204' title='bbox 2432 4100 2544 4161; x_wconf 91' lang='lat' dir='ltr'><strong>est</strong></span> 
     </span>
    </p>
   </div>
   <div class='ocr_carea' id='block_1_8' title="bbox 386 4211 2536 4312">
    <p class='ocr_par' dir='ltr' id='par_1_8' title="bbox 386 4211 2536 4312">
     <span class='ocr_line' id='line_1_28' title="bbox 386 4211 2536 4312; baseline 0 -30"><span class='ocrx_word' id='word_1_205' title='bbox 386 4211 573 4283; x_wconf 90' lang='lat' dir='ltr'><strong>mihi.</strong></span> <span class='ocrx_word' id='word_1_206' title='bbox 620 4213 838 4286; x_wconf 89' lang='lat' dir='ltr'><strong>Vetus</strong></span> <span class='ocrx_word' id='word_1_207' title='bbox 874 4224 986 4287; x_wconf 89' lang='lat' dir='ltr'><strong>est</strong></span> <span class='ocrx_word' id='word_1_208' title='bbox 1010 4216 1145 4287; x_wconf 90' lang='lat' dir='ltr'><strong>iam</strong></span> <span class='ocrx_word' id='word_1_209' title='bbox 1174 4225 1246 4290; x_wconf 91' lang='lat' dir='ltr'><strong>et</strong></span> <span class='ocrx_word' id='word_1_210' title='bbox 1268 4217 1401 4291; x_wconf 84' lang='lat' dir='ltr'><strong>late</strong></span> <span class='ocrx_word' id='word_1_211' title='bbox 1425 4217 1775 4312; x_wconf 87' lang='lat' dir='ltr'><strong>cognitum</strong></span> <span class='ocrx_word' id='word_1_212' title='bbox 1803 4218 1937 4290; x_wconf 92' lang='lat' dir='ltr'><strong>hoc</strong></span> <span class='ocrx_word' id='word_1_213' title='bbox 1964 4216 2289 4290; x_wconf 89' lang='lat' dir='ltr'><strong>iudicium</strong></span> <span class='ocrx_word' id='word_1_214' title='bbox 2317 4227 2536 4288; x_wconf 91' lang='lat' dir='ltr'><strong>tuum.</strong></span> 
     </span>
    </p>
   </div>
  </div>
 </body>
</html>
