3104 4805
517 427 635 489 284
1196 442 1276 487 DE
1318 441 1519 488 annus
1565 440 2005 490 mummius

518 591 699 666 sent,
760 582 970 653 tutior
1022 591 1251 654 tamen
1302 581 1539 654 brevis
1589 582 1952 668 transitus,
2009 603 2217 676 quam
2271 584 2383 654 iile
2435 584 2683 677 ingens

516 729 642 802 per
692 705 1040 777 Etruriam
1094 705 1425 778 circuitus
1478 706 1682 778 visus
1742 714 1874 779 est.
1930 706 2112 791 Quid
2179 708 2443 780 multa?
2497 710 2684 781 Inter

515 827 815 900 hostium
853 826 1187 899 stationes
1229 851 1390 901 cum
1432 828 1672 922 paucis
1714 849 2078 921 egressuS‚
2126 828 2423 922 septimo
2447 830 2684 903 kalen-

516 952 645 1024 das
672 949 973 1035 martias
1003 951 1302 1024 abeunte
1317 953 1482 1037 sole,
1512 973 1722 1047 carpo
1747 950 1899 1022 iter.
1927 952 2098 1022 Cum
2127 974 2340 1046 prope
2366 954 2677 1046 Regium,

516 1076 861 1148 inimicam
891 1075 1156 1160 urbem,
1181 1075 1316 1148 sub
1362 1083 1564 1148 nocte
1589 1074 1818 1147 media
1858 1074 2372 1168 pervenissem,
2402 1086 2681 1168 repente

515 1201 860 1271 latronum
918 1220 1170 1270 manus
1221 1220 1314 1270 ex
1367 1197 1639 1270 insidiis
1701 1196 2028 1288 erumpit,
2075 1217 2334 1288 magno
2385 1206 2676 1269 mortem

515 1324 814 1394 clamore
853 1321 1293 1394 denuntians,
1327 1321 1480 1393 Non
1520 1329 1673 1393 erat
1706 1318 1972 1393 consilii
2014 1320 2332 1403 facultas;
2368 1329 2669 1412 tempuS,

516 1445 737 1529 locuS,
784 1453 854 1516 et
887 1445 1352 1517 circumfusus
1389 1444 1615 1516 hostis
1649 1442 2173 1538 suspectissima
2212 1441 2438 1514 omnia
2472 1442 2675 1515 facie-

515 1567 701 1640 bant.
743 1555 999 1653 Paucis
1035 1567 1367 1652 inermes,
1418 1566 1814 1661 improvidi,
1853 1564 2023 1659 quid
2055 1564 2401 1636 adversus
2440 1567 2673 1661 plures

514 1700 849 1775 armatos,
886 1699 958 1760 et
997 1691 1086 1763 ad
1125 1692 1354 1762 scelus
1405 1691 1784 1762 instructos
1818 1690 2168 1760 facerent?
2202 1689 2350 1760 Una
2390 1686 2460 1758 in
2509 1691 2675 1781 suga

514 1823 720 1908 atque
760 1816 829 1885 in
873 1813 1178 1886 tenebris
1221 1835 1385 1907 spes
1420 1821 1594 1884 erat.

835 1988 1170 2066 Diffugiunt
1200 1987 1488 2063 comites,
1524 1993 1582 2048 ct
1618 1994 1793 2049 nocte
1828 1994 2115 2066 teguntur
2150 2001 2351 2065 opaca.

514 2174 667 2264 Ego
706 2173 943 2256 etiam,
988 2173 1237 2257 fateor,
1265 2192 1377 2242 me
1416 2171 1647 2265 ipsum
1674 2171 1879 2242 morti
1905 2181 1977 2242 et
2000 2167 2672 2242 circumsonantibus

515 2296 669 2366 telis
709 2293 952 2387 eripui.
991 2295 1310 2386 Dumque
1354 2295 1490 2364 iam
1531 2316 1739 2366 omne
1772 2295 2144 2368 discrimen
2178 2293 2498 2367 evasisse
2525 2314 2675 2365 cre-

513 2418 752 2489 derem
784 2413 1002 2510 (quid,
1024 2436 1148 2487 oro
1175 2424 1268 2500 te,
1299 2438 1599 2509 usquam
1618 2426 1842 2489 tutum
1871 2416 2357 2512 hominiest‘?),
2391 2440 2517 2489 seu
2536 2420 2676 2489 sos-

514 2560 639 2622 sae,
695 2560 821 2608 seu
863 2538 1087 2608 trunci
1127 2540 1324 2621 forte,
1367 2560 1493 2610 seu
1522 2540 1679 2610 saxi
1705 2539 1903 2612 obice
1947 2539 2138 2633 (nihil
2163 2541 2348 2612 enim
2382 2562 2672 2633 prorsus

509 2650 794 2731 cernere
828 2657 1100 2730 sinebat
1130 2658 1312 2728 illius
1346 2659 1688 2731 nubilosae
1712 2681 2058 2753 caecaeque
2097 2661 2317 2733 noctis
2357 2661 2673 2733 obscuri-

512 2780 676 2873 tas),
719 2800 944 2873 equus
971 2780 1121 2872 ipse
1146 2777 1531 2850 fidissimus
1558 2789 1797 2851 vector
1831 2801 2051 2864 meus,
2080 2802 2384 2851 cernuus
2412 2783 2503 2852 ad
2531 2790 2671 2851 ter-

512 2925 656 2974 ram
688 2903 825 2974 ruit
851 2910 1039 2974 tanto
1065 2904 1351 2997 impetu,
1390 2912 1468 2973 ut
1490 2904 1884 2974 confractus
1909 2923 1993 2974 ac
2017 2923 2220 2994 paene
2246 2900 2665 2972 inanimatus

512 3027 667 3098 sim.
712 3026 971 3118 Colligo
1032 3036 1263 3098 tamen
1310 3026 1380 3099 in
1426 3026 1765 3098 extremis
1814 3025 2148 3111 animum,
2210 3035 2281 3095 et
2330 3045 2659 3117 assurgo;

512 3149 797 3242 quique,
838 3150 1074 3221 multis
1117 3150 1253 3221 iam
1291 3149 1544 3222 diebus
1580 3148 1987 3233 interiectis,
2018 3148 2110 3220 ad
2136 3169 2216 3221 os
2243 3169 2525 3220 manum
2552 3170 2628 3218 re
2647 3188 2666 3199 ·

511 3274 691 3344 serre
746 3272 1052 3344 nondum
1079 3273 1311 3359 vale0‚
1357 3282 1549 3359 tunc,
1599 3273 2014 3345 sublevante
2036 3282 2256 3356 metu,
2301 3271 2372 3342 in
2403 3293 2665 3364 equum

513 3395 768 3467 resilui.
812 3397 885 3465 E'
912 3397 1117 3469 sociis
1156 3419 1319 3493 pars
1360 3397 1649 3470 domum
1696 3394 1924 3480 rediit,
1969 3417 2133 3491 pars
2191 3416 2376 3487 vago
2428 3416 2667 3467 errore

510 3519 950 3603 circumacta,
995 3519 1343 3615 inceptum
1383 3542 1522 3593 non
1559 3519 1890 3592 deseruit.
1919 3522 2074 3591 Duo
2106 3519 2382 3590 viarum
2418 3517 2661 3602 duceS,

509 3642 665 3713 coeli
689 3664 773 3713 ac
799 3651 1139 3715 terrarum
1181 3641 1453 3716 indiciis
1493 3642 1806 3728 amissis,
1851 3643 2016 3715 fessi
2057 3664 2140 3716 ac
2173 3642 2448 3737 trepidi,
2488 3642 2666 3712 inter

510 3763 670 3835 avia
732 3764 1118 3837 subsistere
1172 3774 1584 3857 coegerunt:
1638 3762 1852 3848 unde,
1918 3786 2005 3835 ne
2058 3764 2229 3859 quid
2288 3761 2665 3835 terrificum

509 3883 817 3973 deesset,
861 3887 1293 3961 inimicorum
1336 3887 1626 3979 vigilum
1668 3907 1882 3958 voces
1925 3887 2174 3959 vicinis
2222 3887 2459 3959 nescio
2509 3885 2665 3979 qui-

509 4005 643 4076 bus
681 4029 777 4077 ex
815 4010 1162 4083 moenibus
1203 4008 1687 4081 audiebantur.
1730 4008 1842 4082 Ad
1884 4010 2036 4081 haec
2081 4017 2154 4082 et
2206 4029 2402 4081 saeva
2454 4028 2664 4099 gran-

509 4126 673 4198 dine
710 4129 977 4202 mixtus
1018 4131 1235 4204 imber
1275 4141 1700 4217 accesserat,
1743 4142 1814 4202 et
1853 4132 2033 4203 inter
2072 4131 2318 4204 crebra
2360 4129 2659 4201 tonitrua

509 4248 898 4321 famosioris
954 4252 1284 4324 assiduus
1326 4254 1528 4326 timor
1580 4253 1844 4325 mortis.
1894 4256 2135 4344 Longa
2187 4253 2320 4324 erit
2371 4248 2658 4322 historia
