3104 4805
908 409 1091 456 mmm
1135 408 1852 466 QU1N‘rus.—E}›1s‘rol.A
1895 412 1977 459 111.
2403 398 2520 462 259

372 554 665 626 libertati
707 562 829 625 aut
868 553 1077 624 saluti
1117 552 1448 624 favebunt
1472 552 1902 649 rapacissimi
1936 557 2321 646 praedoneS,
2357 578 2521 651 quae

372 700 528 749 cum
571 676 849 770 propria
889 685 1294 770 paupertate
1346 676 1725 748 coniuncta·
1758 693 1920 746 esse
1967 676 2342 749 videatur?
2389 682 2526 753 Ita-

370 823 509 895 que
533 799 703 871 nihil
729 798 1060 871 habuisse
1089 797 1427 870 securius.
1460 798 1596 870 Sed
1619 797 1715 870 ita
1742 820 1820 870 se
1846 819 1958 868 res
1983 798 2226 883 habet;
2251 798 2522 876 damnis

372 923 708 1016 gravibus
742 943 943 995 acres
978 921 1367 994 inimicitias
1400 921 1762 1015 quaesiere.
1798 920 1959 993 Vidi
1991 940 2115 992 eos
2149 921 2218 990 in
2252 944 2525 1019 compe-

371 1045 597 1119 dibus.
653 1046 711 1116 Ο
759 1068 909 1118 rem
957 1045 1312 1137 indignam
1347 1046 1360 1114 !
1424 1044 1483 1115 Ο
1545 1043 1939 1116 instabilem
1981 1064 2061 1114 ac
2102 1044 2524 1139 praecipitem

373 1174 667 1243 fortunae
709 1171 966 1242 rotam!
999 1170 1363 1255 Caeterum,
1402 1179 1479 1242 ut
1511 1169 1681 1241 nihil
1714 1169 1832 1241 illa
1863 1167 2262 1264 captivitate
2299 1167 2528 1242 defor-

375 1293 581 1378 mius,
627 1293 729 1366 sic
767 1294 1201 1389 captivorum
1243 1291 1489 1365 animis
1531 1292 1701 1363 nihil
1742 1291 2118 1365 excelsius,
2163 1293 2374 1364 Salvo
2425 1303 2522 1378 te,

375 1436 568 1508 spem
611 1417 944 1510 optimam
984 1439 1215 1489 rerum
1268 1438 1555 1488 suarum
1603 1414 1894 1499 habent3
1944 1437 2077 1508 ego
2127 1415 2319 1509 quod
2368 1435 2528 1509 spe-

375 1560 523 1610 rem
560 1538 731 1609 nihil
772 1538 1020 1625 habe0,
1062 1540 1200 1611 nisi
1240 1539 1469 1632 aliqua
1511 1539 1621 1611 vis
1665 1537 1883 1610 maior
1927 1539 2398 1612 intervenerit.
2454 1538 2526 1610 Si

376 1663 558 1734 enim
607 1663 876 1735 consilii
922 1662 1362 1736 clementiam
1399 1670 1793 1757 expectant,
1835 1669 2078 1733 ‘actum
2127 1670 2262 1747 est;
2314 1683 2527 1756 squa-

374 1788 519 1860 lore
558 1785 855 1858 carceris
894 1793 1412 1860 consumentur.
1463 1784 1729 1875 Regina
1768 1784 2013 1868 senior,
2056 1784 2313 1856 coniux
2360 1783 2524 1855 olim

373 1910 588 2002 regia,
626 1932 811 1982 nunc
845 1909 1233 1981 miserrima
1274 1907 1675 1992 viduarum,
1730 1906 2136 2008 miseretur,
2189 1915 2268 1978 ut
2314 1905 2522 1990 dicit,

374 2030 542 2100 nihil
582 2030 876 2124 amplius
920 2052 998 2101 se
1038 2049 1250 2124 posse
1293 2027 1734 2100 confirmans.
1779 2029 2139 2121 Cleopatra
2178 2050 2337 2102 cum
2374 2030 2529 2100 Pto-

373 2156 618 2225 lemaeo
660 2174 789 2224 suo
835 2151 1154 2224 misereri
1199 2160 1510 2246 possent,
1584 2151 1643 2223 si
1704 2153 2040 2225 Photinus
2081 2151 2530 2246 Achillasque

371 2274 869 2371 permitterent.
896 2277 1049 2369 Ego
1076 2275 1228 2347 haec
1255 2274 1479 2360 video;
1506 2298 1647 2369 quo
1675 2276 1920 2363 animo,
1949 2298 2037 2347 ne
2069 2276 2205 2349 dici
2246 2276 2525 2370 quidem

372 2421 548 2494 opus
591 2408 719 2470 est.
757 2396 894 2469 Sed
936 2397 1106 2491 quid
1155 2397 1396 2489 agam?
1443 2396 1842 2492 patiendum
1892 2406 2024 2484 est,
2078 2409 2152 2470 et
2199 2399 2528 2493 quamvis

373 2524 693 2616 responsi
737 2534 995 2606 certuS‚
1052 2543 1467 2618 responsum
1514 2532 1745 2596 tamen
1792 2524 1999 2595 etiam
2055 2545 2239 2596 nunc
2285 2526 2526 2598 iussus

374 2657 689 2740 expecto.
732 2648 924 2718 Vale.

654 2795 915 2867 Neapoli,
947 2793 1027 2849 III
1055 2793 1176 2849 Kal.
1208 2795 1542 2850 Decembris

1202 3098 1554 3165 EPISTOLA
1605 3100 1695 3162 IV.

421 3294 805 3346 FRANCISCUS
841 3294 1176 3345 PETRARCA
1211 3292 1475 3343 IOHANNI
1510 3291 1823 3340 COLUMNA:
1861 3291 2201 3341 CARDINALI
2239 3292 2291 3340 S.
2330 3292 2384 3339 P.
2423 3292 2482 3340 D.

462 3460 531 3512 Se
559 3476 657 3531 per
685 3460 880 3515 vicinia
906 3458 1166 3531 Neapolis
1191 3455 1485 3528 voluptatis
1512 3473 1708 3513 caussa
1734 3474 1862 3512 cum
1890 3457 2080 3513 amicis
2107 3456 2431 3512 excurrisse.

884 3548 963 3603 De
992 3546 1164 3600 Maria
1190 3545 1493 3600 Puteolana
1519 3545 1764 3616 viragine
1790 3545 2011 3615 insigni.

574 3748 725 3820 Mos
752 3747 923 3819 mihi
951 3757 1111 3819 tuus
1137 3745 1299 3818 olim
1331 3755 1570 3817 notus:
1603 3744 1699 3815 nil
1735 3745 2058 3836 ignorare
2085 3753 2283 3836 potes
2315 3763 2521 3839 aequo

375 3871 629 3942 animo:
696 3870 791 3942 ita
855 3891 1276 3964 generosum
1341 3867 1657 3963 spiritum
1705 3866 2144 3962 inexplebilis
2190 3869 2520 3942 noscendi

373 3994 712 4088 cupiditas
750 3994 1081 4087 exagitat.
1121 3996 1320 4067 Gessi
1352 3993 1692 4065 voluntati
1726 4003 1866 4063 tuae
1899 4013 2163 4063 morem
2199 3993 2520 4086 quotiens

370 4117 626 4192 Arcton
666 4129 788 4190 aut
820 4121 1163 4192 Occasum
1199 4118 1564 4190 circumire
1611 4119 1884 4191 fortuna
1923 4137 2037 4188 me
2070 4115 2289 4189 voluit
2334 4137 2517 4188 mea.

370 4242 565 4314 Nunc
603 4242 773 4314 mihi
823 4242 1180 4315 diversum
1232 4242 1363 4314 iter
1412 4242 1769 4335 peragenti
1821 4262 2018 4313 mens
2070 4240 2314 4313 eadem
2364 4246 2513 4320 est,
