3104 4805
1025 377 1557 434 PROLEGOMENON.
2397 387 2515 433 CLV

277 541 532 596 Absolvit
558 539 763 594 librum
784 569 853 579 —
876 538 954 592 De
982 538 1065 592 sui
1096 538 1269 608 ipsius
1296 544 1352 592 et
1378 538 1685 592 multorum
1722 539 2047 608 ignorantia.
2141 555 2228 591 Not.
2249 552 2304 599 u,
2325 553 2365 587 v.

278 626 391 679 Per
419 630 592 678 totam
625 628 873 677 aestatem
901 626 1147 692 aegrotat.
2141 630 2285 668 uos-a.
2306 630 2371 677 iu,
2390 631 2470 667 m.

66 793 233 847 1371.
286 790 534 844 Adversa
561 789 691 843 licet
733 787 1048 842 valetudine
1075 788 1355 857 labor-am,
1387 786 1430 840 F
1433 788 1680 843 rancisco
1719 787 2056 844 Carrariensi
2143 799 2289 834 oew-
2311 797 2374 845 ¹¹¹.
2390 798 2471 834 ⁷⁸⁴·

358 890 417 927 se
448 872 707 926 comitem
754 871 1022 942 adiungit,
1048 888 1269 942 unaque
1317 887 1445 925 cum
1492 888 1558 926 eo
1587 872 1889 926 Bononiam
1922 873 2059 944 petit

358 957 427 1011 ad
480 957 784 1027 parentalia
834 956 1042 1010 Urbani
1084 957 1132 1008 V
1178 957 1337 1010 Pont.
1397 957 1539 1009 Max.
1598 956 1686 1010 die
1733 956 1768 1009 3
1814 956 2057 1010 Ianuarii

360 1041 706 1095 celebranda.

288 1129 388 1184 Die
418 1129 449 1183 7
478 1130 624 1183 Maii.
656 1128 870 1182 Lethali
899 1126 1095 1181 morbo
1124 1127 1419 1197 corripitur
1444 1142 1510 1179 ex
1539 1142 1681 1196 quo,
1713 1142 1874 1180 secus
1902 1132 2059 1180 autu-
2144 1138 2193 1173 ne
2211 1135 2292 1172 sud-
2315 1136 2472 1184 mum-

360 1211 640 1266 mantibus
695 1210 954 1278 medicis,
1010 1227 1314 1281 corumque
1352 1210 1673 1281 praescripta
1710 1208 2018 1281 despiciens
2042 1251 2056 1279 ‚

363 1310 553 1365 sospes
582 1292 781 1348 evadit.

290 1379 611 1449 Philippum
649 1376 995 1431 Cardinalem
1042 1374 1400 1429 Sabinensem
1427 1376 1741 1444 invisurus,
1771 1375 2059 1430 Perusiam
2148 1384 2302 1420 *for-⁶22

362 1479 554 1516 versus
598 1462 704 1515 iter
752 1476 1073 1530 aggressus,
1126 1476 1269 1530 equo
1319 1476 1447 1514 cum
1496 1459 1737 1514 insidere
1774 1459 2057 1530 nequiret,

370 1544 576 1598 destitit
603 1544 672 1597 ab
700 1544 935 1614 incepto,

84 1713 240 1770 1372.
294 1713 549 1768 Hostium
578 1713 995 1767 excursionibus
1025 1712 1270 1778 territu8‚
1294 1712 1566 1765 rusticum
1585 1710 1861 1782 Arquadae
1890 1710 2063 1764 domi·
2148 1715 2344 1762 Seu-1¹¹¹,
2365 1717 2420 1751 ⁴⁰·

366 1801 552 1854 cilium
583 1798 785 1853 deserit
812 1805 867 1852 et
891 1799 1177 1853 Patavium
1208 1797 1423 1869 repetit.
1977 1780 1999 1802 ⁸

294 1882 659 1953 pandulphus
689 1884 972 1936 Malatesta
997 1883 1300 1954 hospitium
1322 1881 1400 1933 illi
1423 1880 1480 1934 in
1500 1879 1638 1933 urbe
1658 1879 1888 1934 Pisauro
1916 1876 2063 1950 apud
2151 1885 2249 1920 ⁸0⁸⁸
2262 1884 2346 1920 vu.
2365 1884 2401 1927 ⁹·
2420 1883 2475 1919 ³·-

370 1983 428 2018 se
459 1965 757 2018 liberaliter
784 1964 976 2017 desert.

296 2049 496 2104 Scribit
526 2048 877 2102 Invectivam
906 2049 962 2102 in
992 2047 1231 2102 Gallum.
2153 2050 2242 2086 Not·
2263 2050 2346 2086 var.
2367 2048 2403 2085 3-

89 2219 243 2274 1373.
295 2193 396 2273 Di'e
425 2217 494 2272 27
516 2216 875 2289 Septembris.
919 2215 1117 2271 Comes
1154 2214 1444 2286 legationis
1488 2214 1783 2269 Francisco
1825 2214 2068 2268 Carrari-
2156 2216 2550 2298 fflffgffgfllfiffl-ffij

370 2303 489 2356 ensi
510 2301 692 2369 datuS,
725 2301 989 2354 Senatum
1035 2300 1293 2372 Reipubl.
1344 2298 1569 2353 Venetae
1615 2299 2067 2370 eloquentissima
2217 2307 2290 2341 Scri
2318 2308 2348 2341 t·
2379 2308 2420 2341 T·
2451 2307 2544 2350 ΠΧ.

372 2386 620 2441 oratione
648 2385 966 2456 alloquitur.
2221 2361 2255 2396 ¹''
2277 2352 2298 2386 ⁷
2325 2352 2356 2386 ⁴'

302 2471 536 2526 Librum
580 2472 659 2525 De
694 2471 999 2542 Republica
1045 2470 1252 2542 optime
1295 2468 1733 2523 administranda
1777 2468 2068 2525 Francisco

374 2559 714 2613 Carrariensi
741 2557 1007 2612 inscribit.

92 2644 243 2699 1374.
295 2643 560 2697 Iohannis
591 2643 659 2696 de
689 2643 943 2698 Certaldo
970 2642 1312 2696 Decameron
1349 2657 1498 2695 nunc
1534 2642 1779 2712 primum
1818 2642 1988 2710 novit,
2015 2650 2070 2696 et
2123 2652 2232 2698 ,εει
2255 2652 2319 2688 ⁸¹¹¹.

373 2745 545 2782 unam
577 2745 642 2782 ex
670 2727 916 2782 historiis
943 2727 1062 2781 eius
1088 2727 1257 2780 latine
1285 2726 1466 2779 vertit.

301 2812 596 2884 Epitomen
622 2812 877 2866 Vitat-um
905 2812 1168 2865 Virorum
1214 2810 1515 2864 illustrium
1545 2809 1787 2864 scribere
1825 2808 2068 2879 aggredi·
2157 2821 2245 2855 noi.
2263 2821 2299 2866 s,
2317 2819 2406 2856 vin.

376 2901 497 2963 tur,
529 2901 708 2949 morte
733 2901 920 2950 tamen
951 2894 1286 2965 interceptus
1305 2935 1319 2961 ‚
1351 2893 1635 2948 absolvere
1663 2891 1874 2963 nequit.

302 2980 404 3034 Die
448 2979 523 3034 20
561 2979 709 3034 Iulii.
760 2979 1061 3033 Terrenam
1090 2978 1233 3032 hanc
1260 2994 1387 3031 cum
1436 2975 1736 3030 immortali
1781 2974 1891 3028 vita
1927 2989 2069 3028 com·
2159 2986 2246 3023 auu
2265 2986 2408 3033 amin.

376 3066 573 3117 mutat.
2117 3080 2123 3127 Ι

570 3466 709 3528 Haec
742 3465 926 3527 habui
960 3482 1097 3543 quae
1131 3464 1204 3526 de
1236 3464 1554 3527 Francisco
1589 3464 1865 3525 Petrarca
1901 3460 2158 3537 eiusque
2194 3456 2461 3537 epistolis
2495 3462 2575 3516 te·

411 3586 580 3647 cum,
616 3571 1057 3634 humanissime
1092 3573 1310 3648 lector,
1344 3569 1887 3633 communicarem.

852 3759 1280 3772 ........
1324 3717 1381 3771 Si
1410 3714 1545 3788 quid
1574 3712 1773 3768 novisti
1799 3710 2001 3765 rectius
2027 3709 2165 3775 istis,

848 3805 1128 3861 Candidus
1157 3807 1406 3878 imperti:
1439 3805 1483 3859 si
1511 3818 1655 3869 non,
1685 3801 1771 3855 his
1801 3806 1954 3854 utere
1983 3813 2220 3852 mecum.

672 3995 857 4045 Dabam
882 3994 1048 4045 Firmo
1073 3994 1124 4044 in
1151 3993 1363 4054 Piceno,
1391 3992 1499 4042 Kal.
1523 3989 1714 4040 Martiis
1735 3987 1855 4038 anni
1880 3983 2255 4036 uncchvnt.

1557 4211 1859 4274 Iosspnus
1902 4203 2416 4269 FRACAssE'r'rus.
