3104 4805
582 401 667 452 cll
1025 457 1033 465 ,
1367 386 1900 441 PROLEGOMENON.

575 532 676 605 Ep.
717 529 808 586 15.
847 530 1099 585 Znnomo
1129 525 1524 580 FLonnnrmo.
1547 550 1620 562 —
1642 518 1860 584 Quanti
1885 516 2107 589 faciam
2135 515 2306 586 quod.

495 617 505 625 '
897 618 1042 690 Arq.
1083 613 1297 669 Laudat
1332 612 1485 685 quod
1519 609 1732 666 Nicolai
1769 606 2029 663 Acciaioli
2064 606 2294 662 consilio
2327 603 2499 662 fuerit
2521 602 2677 660 obse·

970 709 1210 776 quutus;
1241 706 1297 757 et
1322 699 1481 768 huic,
1520 713 1689 770 quem
1721 713 1823 770 pro
1849 696 2063 752 meritis
2089 694 2361 764 celebrat,
2395 711 2456 749 se
2481 693 2680 765 episto-

968 793 1081 847 lam
1108 790 1342 846 dictasoe
1371 787 1618 843 nunciat.
1649 785 1818 842 Notat
1841 785 2104 855 exiguum
2131 783 2191 838 in
2227 783 2472 839 carmine
2508 781 2576 836 ab
2612 796 2678 835 eo

969 882 1278 940 admissum
1312 893 1581 935 errorem.
1622 876 1805 947 Rogat
1841 880 1904 931 ut
1940 875 2279 947 scriptorum
2319 888 2551 929 suorum
2586 870 2679 924 de-

964 971 1274 1027 fensionem
1302 967 1568 1040 suscipiat
1593 963 1862 1020 adversus
1889 962 2105 1019 invidos
2132 979 2164 1017 a
2192 961 2397 1035 quihus
2434 960 2566 1016 satis
2594 975 2679 1013 ca-

968 1075 1098 1115 vere
1124 1056 1337 1127 nequit.

576 1153 679 1226 ΕΡ.
719 1152 808 1209 16.
849 1152 1100 1206 ΖεΝοΒιο
1128 1146 1522 1202 FLonnnrmo.
1543 1173 1617 1184 —
1634 1142 1721 1198 Ne
1749 1141 1893 1214 quid
1919 1141 2347 1213 imperfectum.

894 1240 1041 1312 Ary.
1082 1236 1196 1292 Cur
1228 1234 1429 1289 Nisum
1464 1238 1521 1289 et
1545 1231 1838 1286 Eurialum
1863 1231 2011 1286 inter
2044 1229 2347 1285 illustrium
2375 1227 2680 1282 amicorum

969 1327 1222 1399 exempla
1247 1339 1361 1379 non
1388 1321 1749 1378 recensuerit.
2585 1315 2619 1335 ⁹

582 1422 682 1496 Ep.
723 1422 812 1477 17.
853 1421 1155 1475 Marma-,o
1181 1413 1875 1470 LousoAncumucono.
1896 1440 1969 1452 —
1989 1409 2167 1466 Canis
2192 1397 2344 1464 tuus.

898 1509 1043 1581 Ary.
1082 1506 1286 1562 Narrat
1312 1519 1509 1560 canem
1536 1501 1658 1558 eius
1682 1501 1995 1556 venaticum
2013 1503 2306 1570 postquam
2335 1496 2453 1567 ipse
2481 1494 2681 1548 disces-

974 1599 1046 1654 sit
1074 1597 1306 1653 domum
1333 1609 1495 1650 suam
1521 1592 1740 1648 venisse
1754 1632 1769 1661 ,
1809 1595 1864 1646 et
1900 1590 2065 1661 plura
2100 1587 2169 1642 de
2187 1601 2398 1641 canum
2423 1575 2680 1639 laudibus

974 1688 1240 1744 cumulat.

583 1779 685 1852 Ep.
724 1777 815 1835 18.
854 1778 1107 1833 anomo
1134 1775 1529 1831 Fnomsn‘rmo.
1549 1801 1624 1813 -
1651 1770 1761 1826 Vix
1785 1768 2113 1823 amicorum
2142 1766 2383 1820 litteras.

901 1867 1047 1940 Ary.
1087 1866 1276 1921 Monet
1309 1863 1381 1919 de
1416 1862 1614 1932 exiguo
1651 1874 1840 1915 errore
1877 1872 2046 1930 quem
2073 1855 2132 1910 in
2161 1853 2407 1910 carmine
2441 1849 2680 1907 admisit.

973 1956 1210 2011 Litteras
1243 1952 1469 2008 Nicolao
1505 1949 1781 2006 Acciaiolo
1819 1964 1921 2022 per
1958 1963 2089 2003 eum
2133 1941 2445 1999 reddendas
2481 1940 2683 2006 mittit,

974 2045 1179 2116 quibus
1215 2042 1284 2096 ad
1322 2040 1811 2111 redintegrandam
1839 2054 1967 2094 cum
1995 2036 2113 2090 viro
2149 2033 2353 2105 insigni
2389 2030 2685 2087 amicitiam

978 2133 1138 2186 illum
1166 2128 1512 2183 adhortatur.

1432 2312 1648 2377 LIBER
1691 2311 1832 2373 xm.

592 2489 693 2561 Ep.
769 2488 824 2542 1.
865 2486 1114 2541 Gumom
1142 2483 1332 2538 Ense.
1365 2483 1700 2537 Ponrusnst
1727 2478 2062 2533 CARmNALx.
2083 2503 2156 2514 —
2176 2471 2309 2527 Scio
2337 2469 2433 2525 cui
2461 2469 2682 2539 loquor.

907 2573 1053 2644 Ary.
1096 2570 1425 2626 Consolatur
1451 2567 1510 2622 in
1539 2566 1695 2622 obitu
1721 2564 1917 2619 matris
1944 2563 2083 2617 eius.

589 2665 689 2737 Ep.
765 2661 819 2718 2.
860 2661 1173 2716 Rummo
1201 2657 1561 2713 Vnnounnsn
1581 2685 1654 2697 —
1674 2655 2016 2710 Adolescens
2044 2666 2217 2722 quem
2245 2648 2325 2702 ad
2349 2652 2422 2701 te.

907 2751 1055 2823 Arq.
1087 2749 1452 2805 Commendat
1468 2746 1876 2802 adolescentem
1895 2756 2062 2796 suum
2080 2734 2416 2793 Veronensis
2432 2733 2689 2789 Ecclesiae

982 2840 1323 2896 Canonicum
1349 2836 1759 2892 renunciatum.

592 2929 693 3003 Ep.
770 2929 824 2985 3.
866 2929 1166 2985 Gunmmo
1193 2926 1549 2982 Vmousnsn
1571 2919 1850 2977 -Huius
1876 2915 2270 2973 adolescentis.

913 3018 1061 3089 Ary.
1101 3015 1245 3070 Huic
1278 3027 1501 3086 quoque
1536 3009 1944 3067 adolescentem
1980 3019 2148 3059 suum
2184 3002 2460 3057 Veronam
2488 2998 2694 3054 adeun-

983 3111 1099 3161 tem
1125 3100 1493 3158 commendat.

595 3194 696 3268 Ep.
768 3193 825 3250 4.
867 3193 1191 3248 ancxsco
1211 3190 1626 3245 Nmomuno
1645 3185 2107 3241 Pnoronoumo
2135 3175 2504 3233 tin—Maior
2520 3180 2693 3228 teme-

983 3281 1152 3336 m’tas.

914 3373 1059 3443 Ary.
1101 3371 1282 3436 Quam
1326 3368 1499 3424 tristis
1544 3367 1690 3421 inter
1738 3364 1950 3418 urbana
1992 3359 2213 3433 negotia
2229 3400 2244 3427 ‚
2293 3371 2462 3429 quam
2501 3354 2628 3408 laeta
2663 3366 2694 3404 e

988 3460 1265 3516 contrario
1289 3458 1349 3514 in
1375 3458 1496 3513 ocio
1526 3456 1676 3512 ruris
1701 3459 1899 3526 agatur
1923 3452 2052 3507 vita.

599 3557 700 3629 Ep.
774 3554 830 3609 5.
870 3551 1195 3607 anmsco
1232 3551 1443 3606 Pmom
1479 3548 1579 3604 SS.
1610 3547 2062 3601 Arosrononuu.
2084 3536 2452 3593 —Flebilem
2476 3532 2696 3588 ridicu-

996 3642 1247 3713 lamque.

919 3732 1066 3802 Ary.
1109 3729 1323 3796 Quibus
1351 3727 1563 3783 artibus
1582 3724 1788 3780 amicos
1807 3737 1938 3777 suos
1961 3718 2153 3773 fallere
2172 3712 2434 3788 potuerit,
2455 3709 2697 3782 quicum

997 3820 1067 3875 ab
1094 3819 1344 3892 epistolis
1372 3815 1655 3872 Pontificis
1681 3812 1905 3868 Maximi
1932 3806 2248 3864 renunciari
2276 3801 2425 3860 omni
2454 3799 2581 3855 nisu
2608 3814 2702 3853 cu-

996 3909 1212 3963 rabant.

606 3999 708 4070 Ep.
782 4000 838 4054 6.
879 3998 1203 4055 Fiunmsco
1231 3999 1442 4053 Pmom
1470 3996 1568 4051 SS.
1597 3995 2051 4049 Aposroionum.
2069 4018 2142 4031 —
2161 3984 2315 4053 Quid
2339 3983 2620 4051 expectas.

925 4087 1069 4158 ΑΨ.
1111 4089 1246 4154 Quae
1273 4087 1344 4142 sit
1371 4090 1661 4159 poetarum
1698 4084 1927 4151 raritas,
1960 4086 2015 4136 et
2050 4094 2175 4151 quae
2200 4070 2698 4147 pseudopoetarum

1001 4176 1299 4232 multitudo
1328 4175 1668 4230 Avenionem
1696 4172 1975 4247 invaserit.
2006 4167 2293 4224 Nicolaum
2327 4154 2609 4215 Laurentii
2634 4169 2700 4209 eo
