3104 4805
1012 374 1196 421 cml-:a
1241 374 1926 421 semus—apls‘rom
1973 376 2008 421 ι.
2471 360 2588 421 303

436 547 514 594 se
548 522 930 594 famelicam
967 532 1037 593 et
1069 543 1362 612 egenam
1400 519 1630 591 sentit.
1684 521 1924 612 Neque
1965 523 2237 593 fallitur.
2293 520 2592 594 Verissi-

434 668 624 716 mum
650 645 833 715 enim
856 656 967 715 est
1002 643 1342 735 poeticum
1371 640 1568 725 illud,
1621 663 1878 733 semper
1915 665 2162 712 avarus
2204 655 2362 731 eyet.
2416 643 2589 713 Nam

434 769 496 840 si
546 788 806 838 avarus
845 777 980 852 est,
1026 766 1243 860 cupit3
1282 763 1472 859 quod
1520 763 1748 859 ipsum
1812 763 1961 835 vitii
2012 786 2263 836 nomen
2314 765 2587 838 indicat.

437 891 617 962 Sane
657 891 847 984 quod
899 891 993 963 ait
1043 891 1327 961 Seneca:
1399 888 1552 957 Non
1604 890 1720 979 qui
1757 911 2006 981 paru-m
2056 889 2268 971 habet,
2325 887 2437 958 sed
2484 892 2598 979 qui

433 1017 581 1106 plus
633 1015 836 1106 cupit,
882 1036 1143 1107 pauper
1191 1023 1302 1082 est.
1371 1013 1462 1083 Et
1512 1012 1646 1083 hoc
1694 1011 1855 1085 inde
1895 1010 2353 1094 concluditur,
2408 1014 2596 1104 quod

438 1158 572 1207 non
614 1135 926 1228 paucitas
987 1158 1220 1206 rerum
1264 1135 1541 1227 inopem
1584 1133 1771 1217 facit,
1841 1156 1999 1206 cum
2052 1132 2293 1227 paucis
2351 1142 2596 1205 natura

436 1265 761 1328 contenta
801 1256 916 1341 sit,
961 1257 1073 1328 cui
1108 1257 1228 1350 qui
1271 1255 1399 1327 rite
1440 1254 1860 1327 satisfecerit
1891 1254 2096 1328 dives
2137 1266 2274 1339 est,
2326 1266 2397 1327 et
2431 1256 2597 1326 nihil

433 1380 497 1451 ei
539 1381 766 1464 deest;
806 1381 933 1452 sed
973 1379 1319 1475 cupiditas
1355 1379 1739 1471 inexpleta,
1775 1398 1938 1470 quae
1982 1376 2238 1449 iudicat
2275 1377 2409 1449 sibi
2450 1386 2599 1451 tan-

440 1515 584 1575 tum
623 1503 900 1588 deesse,
971 1512 1308 1596 quantum
1374 1500 1582 1596 cupit.
1654 1500 1857 1593 Cupit
1917 1509 2151 1572 autem
2217 1499 2475 1584 omnia,
2528 1513 2601 1571 et

439 1628 742 1719 optando
824 1647 1260 1721 supervacua
1320 1625 1482 1697 fecit
1542 1623 1963 1696 necessaria.
2033 1624 2135 1695 Ita
2214 1634 2596 1716 egestatem

436 1748 824 1834 minimam,
869 1749 1117 1841 cuique
1153 1748 1475 1843 perfacile
1518 1746 1830 1819 succurri
1872 1748 2597 1840 poterat,irremed1a-

436 1869 642 1940 bilem
683 1880 890 1961 atque
934 1871 1345 1941 immensam
1388 1869 1567 1940 fecit.
1612 1871 1887 1941 Rursus
1939 1869 2120 1939 enim
2165 1879 2237 1940 et
2276 1869 2447 1942 illud
2485 1879 2600 1941 est

438 2015 683 2062 verum
727 1992 917 2085 quod
951 1992 1378 2084 philosophis
1414 1994 1662 2085 placet:
1716 2014 1930 2064 avaro
1972 2001 2113 2062 tam
2166 1992 2356 2085 quod
2391 1991 2600 2064 habet

437 2116 719 2200 deesse,
764 2137 975 2208 quam
1016 2114 1205 2208 quod
1244 2137 1382 2186 non
1425 2113 1657 2185 habet.
1701 2114 1846 2186 Nisi
1881 2112 2070 2208 quod
2110 2114 2276 2184 mihi
2311 2114 2597 2207 quidem

437 2237 661 2328 magis
704 2237 984 2309 videtur
1035 2259 1250 2308 avaro
1300 2238 1551 2309 deesse
1601 2239 1792 2330 quod
1833 2238 2069 2325 habet,
2139 2261 2353 2332 quam
2411 2238 2598 2333 quod

435 2382 572 2432 non
616 2360 845 2433 habet.
897 2362 1010 2433 Ex
1063 2360 1177 2432 illo
1226 2360 1409 2433 enim
1451 2362 1543 2432 nil
1595 2371 1854 2459 praeter
1896 2363 2399 2469 solicitudinem
2440 2385 2599 2459 per-

435 2495 744 2578 petuam,
789 2496 859 2556 et
906 2507 1113 2556 veros
1165 2494 1425 2557 metus:
1466 2508 1560 2558 ex
1620 2486 1752 2581 hcc
1818 2509 2315 2579 nonnunquam
2380 2487 2596 2559 breve

435 2609 681 2680 falsum
727 2609 1060 2702 gaudium
1086 2609 1295 2703 capit,
1332 2610 1497 2682 dum
1545 2609 1677 2681 sibi
1718 2609 2009 2694 arridet,
2038 2619 2112 2681 et
2133 2619 2445 2703 optatum
2471 2610 2597 2682 bo-

433 2753 600 2803 num
643 2754 766 2827 spe
805 2733 1081 2803 fallente
1116 2742 1574 2826 praeoccupat.
1619 2734 1719 2803 Ita
1759 2754 2256 2825 nonnunquam
2303 2732 2595 2805 satiatur

433 2875 587 2926 sera
619 2856 952 2948 quadam,
1000 2865 1076 2927 ut
1108 2855 1324 2940 aiunt,
1369 2863 1440 2926 et
1481 2854 1862 2929 inhumana
1901 2855 2292 2929 dulcedine.
2346 2854 2596 2928 Avari-

430 2977 522 3050 tia
562 3001 732 3053 vero
774 3002 1153 3072 nunquam.
1220 2980 1396 3052 Nam
1438 2988 1509 3049 et
1551 2977 2004 3053 successibus
2055 2978 2456 3065 inardescit,
2516 2989 2587 3050 et

432 3100 810 3197 satyricum
855 3100 1024 3174 illud
1066 3123 1313 3172 verum
1354 3111 1493 3172 est:
2143 3094 2158 3106 '

663 3278 893 3341 Crescit
924 3295 1101 3341 amor
1134 3279 1373 3341 nummi
1409 3288 1711 3359 quantum
1742 3283 1871 3363 ipsa
1899 3284 2155 3363 pecunia
2188 3281 2432 3357 crescit,

427 3464 499 3527 et
532 3455 759 3527 minus
801 3455 986 3526 hunc
1024 3468 1215 3548 optat
1252 3456 1372 3550 qui
1431 3479 1570 3528 non
1610 3458 1843 3529 habet.
1914 3460 2128 3531 Cuius
2170 3460 2270 3532 rei
2305 3482 2588 3533 causam

428 3600 668 3657 unam,
713 3598 874 3647 nam
914 3578 1150 3670 plures
1190 3577 1578 3670 excogitari
1627 3590 1918 3673 queunt,
1973 3581 2045 3653 in
2086 3583 2380 3675 epistola
2416 3603 2590 3676 qua-

426 3700 589 3772 dam
622 3697 813 3791 ponit
851 3697 1162 3771 Annaeus
1206 3700 1488 3773 Seneca.
1554 3701 1938 3791 Neminem,
1992 3704 2245 3800 inquit,
2298 3708 2592 3801 pecunia

424 3820 694 3892 divitem
738 3821 935 3912 facit.-
1000 3825 1133 3899 imo
1175 3835 1407 3895 contra
1444 3828 1621 3899 nulli
1676 3850 1812 3899 non
1852 3829 2171 3901 maiorem
2236 3832 2346 3903 sui
2404 3833 2592 3925 cupi«-

424 3942 647 4016 dinem
670 3947 973 4029 incussit;
999 3955 1072 4019 et
1098 3947 1443 4040 sequitur:
1485 3952 1728 4046 quaeris
1767 3975 1911 4047 quoe
1941 3954 2026 4025 sit
2058 3955 2160 4025 rei
2195 3955 2389 4027 huius
2431 3976 2592 4026 cau-

423 4066 543 4135 sa?
607 4065 768 4138 Plus
805 4071 1040 4163 incipit
1078 4071 1313 4142 habere
1346 4095 1565 4166 posse,
1609 4075 1726 4164 qui
1752 4078 1909 4169 plus
1947 4079 2157 4149 habet.
2223 4078 2447 4153 Venio
2495 4079 2586 4153 ad

426 4189 734 4284 reliquas
774 4206 1030 4287 pestes.
1083 4196 1172 4266 Et
1221 4195 1373 4267 eius
1412 4198 1697 4290 quidem
1747 4222 1957 4293 quam
2007 4200 2326 4275 accidiam
2363 4202 2580 4274 nostri
