3104 4805
586 332 705 394 264
1255 346 1336 394 nn
1383 345 1584 393 annus
1628 344 2071 395 annullamus

586 490 892 562 mulieris
956 492 1163 576 fama,
1232 478 1636 585 experiendi
1703 490 1891 561 vires
1953 488 2294 583 cupiditas
2335 490 2739 563 incesserat.

584 614 823 707 Itaque
864 633 1116 705 magno
1155 634 1504 685 consensu
1545 614 1855 685 omnium
1907 614 1976 684 in
2028 637 2252 686 arcem
2293 615 2741 687 Puteolanam

581 735 1044 808 ascendimus.
1086 737 1243 807 Sola
1286 745 1465 821 erat,
1508 744 1580 806 et
1620 746 1779 807 ante
1816 737 2050 832 templi
2083 739 2268 809 fores
2302 738 2538 810 nescio
2571 740 2742 832 quid

581 859 893 951 cogitans
935 858 1454 931 obambulabat:
1499 858 1806 930 adventu
1855 869 2096 930 nostro
2146 859 2318 930 nihil
2369 871 2557 932 mota
2606 870 2734 932 est.

580 983 928 1053 Instamus
969 1004 1170 1054 orare
1214 992 1288 1054 ut
1326 981 1579 1054 virium
1619 1004 1904 1054 suarum
1945 982 2225 1075 aliquod
2274 983 2475 1055 nobis
2525 1006 2740 1077 expe-

579 1107 950 1177 rimentum
992 1104 1322 1199 praebeat.
1368 1106 1487 1176 Illa
1529 1106 1652 1178 diu
1693 1115 2031 1177 excusata
2074 1103 2338 1177 brachii
2387 1106 2738 1177 valetudi-

577 1251 688 1315 ne,
734 1230 1013 1302 tandem
1055 1250 1273 1321 grave
1317 1251 1572 1314 saxum
1612 1251 1694 1300 ac
1733 1231 2030 1300 ferream
2075 1227 2339 1301 trahem
2388 1228 2595 1299 iussit
2632 1229 2734 1299 af-

577 1354 766 1436 ferri3
808 1375 1019 1445 quam
1072 1374 1231 1423 cum
1297 1353 1366 1421 in
1433 1352 1738 1424 medium
1781 1352 2215 1445 projecisset,
2280 1363 2357 1423 ut
2417 1352 2734 1422 tollerent

578 1486 783 1570 atque
813 1474 1302 1571 experirentur
1342 1474 1615 1547 hortata
1649 1485 1794 1547 est.
1817 1476 1998 1561 Quid
2041 1478 2299 1550 multa?
2337 1477 2575 1566 Longa
2614 1474 2730 1561 ibi,

579 1607 654 1670 ut
692 1600 869 1670 inter
910 1621 1145 1693 pareS,
1187 1599 1567 1685 contentio,
1605 1609 1678 1670 et
1716 1622 1970 1691 magno
1997 1621 2110 1671 res
2146 1611 2298 1672 acta
2336 1598 2728 1684 certamine,

577 1721 982 1815 spectatrice
1021 1722 1321 1816 quidem'
1350 1724 1490 1808 illa,
1535 1732 1609 1795 et
1650 1722 2081 1814 singulorum
2124 1723 2313 1794 vires
2354 1722 2425 1792 in
2463 1721 2733 1793 silentio

570 1846 986 1918 aestimante.
1020 1848 1380 1919 Postremo
1412 1846 1593 1919 facili
1621 1846 1802 1919 iactu
1837 1846 2007 1918 adeo
2044 1868 2122 1917 se
2158 1844 2587 1939 superiorem
2612 1868 2733 1938 ap-

575 1970 921 2066 probavit,
969 1982 1044 2043 ut
1084 1971 1389 2066 reliquos
1458 1982 1699 2065 stupor
1762 1971 2040 2062 ingenS,
2103 1992 2216 2040 me
2256 1969 2466 2041 etiam
2507 1968 2732 2061 pudor

575 2093 957 2167 invaderet.
998 2095 1312 2188 Denique
1347 2093 1439 2167 ita
1480 2094 1642 2168 inde
1683 2096 2072 2168 discessum
2115 2104 2246 2180 est,
2293 2104 2371 2166 ut
2410 2094 2535 2166 vix
2568 2116 2733 2166 ocu-

575 2214 659 2286 lis
704 2214 913 2289 fidem
956 2216 1221 2302 dantes
1272 2216 1575 2288 subesse
1626 2219 1890 2312 aliquid
1925 2217 2261 2313 praestigii
2296 2228 2727 2311 putaremus.

574 2339 784 2411 Fama
809 2351 918 2411 est
940 2337 1346 2425 Robertum,
1387 2361 1736 2412 summum
1774 2342 1962 2414 illum
1995 2354 2066 2415 et
2098 2343 2329 2414 virum
2364 2352 2436 2414 et
2467 2364 2725 2435 regem,

574 2461 684 2530 his
726 2460 1079 2552 quondam
1150 2462 1462 2533 litoribus
1527 2485 1782 2555 magna
1846 2466 2073 2536 classe
2138 2466 2725 2561 pernavigantem,

571 2591 958 2676 permotum
998 2583 1150 2654 talis
1178 2586 1454 2656 feminae
1481 2587 1830 2670 miraculo,
1871 2587 2152 2659 videndi
2189 2589 2427 2678 gratia,
2470 2589 2732 2661 substi-

573 2702 741 2775 tisse
780 2705 1102 2776 Puteolis.
1146 2706 1347 2791 Quod
1387 2706 1544 2777 ideo
1587 2707 1774 2801 apud
1816 2728 1926 2776 me
1966 2708 2116 2777 veri
2153 2709 2395 2778 faciem
2432 2731 2572 2780 non
2606 2712 2732 2782 ha-

570 2823 717 2909 bet,
761 2825 924 2918 quia
964 2825 1035 2896 in
1076 2836 1265 2899 tanta
1302 2826 1657 2899 vicinitate
1697 2837 2038 2898 terrarum
2079 2838 2498 2898 evocaturus
2542 2831 2728 2901 illam

568 2948 789 3019 fuisse
829 2949 1170 3022 videatur.
1214 2952 1354 3024 Sed
1393 2950 1710 3023 fortassis
1754 2949 1957 3021 aliam
1993 2949 2084 3020 ob
2116 2968 2402 3020 causam
2443 2970 2602 3018 cum
2645 2950 2727 3019 il-

572 3072 683 3143 luc
723 3073 1196 3168 applicuisset,
1242 3097 1388 3146 rem
1436 3096 1692 3147 novam
1730 3083 2042 3167 spectare
2091 3071 2310 3143 voluit
2349 3069 2605 3143 ardens
2656 3081 2729 3143 et

573 3197 903 3269 noscendi
944 3196 1271 3291 cupidum
1324 3198 1490 3270 illud
1542 3197 1920 3291 ingenium.
1974 3197 2237 3266 Verum
2286 3193 2580 3265 huiusce
2630 3195 2727 3265 rei

573 3316 779 3404 fideS,
825 3329 903 3391 ut
939 3331 1345 3392 caeterarum
1387 3343 1567 3415 quas
1602 3318 1866 3393 auditui
1902 3316 2282 3402 credimuS,
2322 3337 2535 3411 penes
2571 3339 2732 3389 nar-

572 3451 839 3515 ratores
903 3453 1209 3529 maneat3
1262 3444 1431 3515 mibi
1482 3444 1762 3538 quidem
1811 3442 2089 3514 feminae
2140 3440 2348 3513 huius
2401 3451 2730 3534 aspectus

572 3566 1007 3640 credibiliora
1041 3568 1248 3640 efficit
1278 3588 1772 3661 quaecumque,
1818 3587 1956 3637 non
1995 3565 2205 3638 modo
2237 3564 2326 3636 de
2358 3562 2732 3636 Amazoni-

570 3687 706 3760 bus
748 3699 821 3760 et
856 3692 1120 3762 famoso
1161 3690 1273 3762 illo
1312 3689 1665 3782 quondam
1708 3710 1924 3780 regno
1957 3687 2280 3772 femineO,
2321 3686 2449 3757 sed
2474 3697 2547 3757 et
2569 3706 2730 3780 quae

571 3812 660 3883 de
686 3812 1155 3884 bellatricibus
1189 3811 1371 3883 italis
1412 3811 1806 3904 virginibus
1843 3812 2233 3896 traduntur,
2270 3809 2448 3882 duce
2482 3809 2732 3881 Camil-

570 3934 679 4017 la,
717 3935 917 4006 cuius
957 3935 1134 4007 inter
1172 3945 1460 4007 cunctas
1501 3933 1773 4006 celebre
1823 3956 2076 4006 nomen
2125 3945 2256 4006 est.
2311 3933 2494 4018 Quid
2543 3930 2728 4003 enim

571 4051 643 4122 in
681 4057 919 4126 multis
959 4057 1224 4149 opinari
1263 4057 1623 4152 prohihet,
1667 4058 1859 4152 quod
1897 4056 1966 4128 in
2007 4079 2177 4142 una,
2209 4057 2344 4127 nisi
2363 4054 2722 4159 vidissem,

572 4195 802 4245 essem
843 4178 1076 4249 forsan
1140 4178 1228 4250 ad
1284 4180 1711 4254 credendum
1781 4180 2105 4273 segnior?
2153 4179 2242 4250 Et
2287 4178 2403 4248 illa
2442 4173 2720 4269 quidem
