3104 4805
608 446 726 506 278
1283 461 1365 506 nt:
1410 459 1609 505 asans
1653 458 2092 506 mmmmacs

608 600 855 673 scribo.
898 601 1064 671 Post
1110 599 1533 691 vigesimum
1576 598 1896 691 quintum
1950 598 2132 671 diem
2178 601 2467 672 nuntius
2519 600 2610 672 ad
2649 625 2764 674 me

607 723 848 795 mortis
883 725 1133 795 allatus
1169 730 1300 794 est.
1339 722 1618 794 Collatis
1661 723 2107 817 temporibus,
2152 745 2238 796 eo
2280 723 2434 818 ipso
2476 726 2592 798 die
2625 747 2764 819 quo

608 847 751 917 vita
775 847 1199 929 decesserat,
1231 845 1333 916 sic
1358 844 1525 916 mihi
1559 847 1750 916 illum
1785 846 2197 940 apparuisse
2222 848 2597 939 comperio.
2631 850 2765 920 Re-

607 968 839 1061 liquiae
879 970 1031 1042 eius
1069 967 1280 1062 (quod
1321 990 1449 1040 nec
1492 967 1800 1040 sciebam
1842 989 1971 1040 nec
2005 968 2417 1063 suspicabar
2454 971 2759 1066 quidem)

606 1095 893 1163 Romam
961 1113 1142 1163 anno
1202 1090 1485 1163 demum
1546 1090 1748 1162 tertio
1800 1100 2174 1187 reportatae
2226 1099 2408 1163 sunt.
2462 1091 2762 1186 Spiritus

603 1216 804 1298 enim,
848 1224 922 1285 ut
963 1236 1165 1310 spero
1203 1224 1275 1286 et
1306 1219 1527 1310 cupio,
1581 1216 1756 1286 coelo
1805 1214 2120 1287 redditus
2172 1213 2566 1308 triumphat.
2620 1214 2763 1285 Sed

606 1339 739 1409 lam
796 1338 966 1409 satis
1009 1339 1425 1410 somniatum
1464 1346 1618 1422 est;
1661 1340 2253 1433 expergiscamur.
2310 1339 2451 1408 Hoc
2490 1336 2757 1408 addito:

604 1462 1014 1555 neque-quia
1039 1462 1208 1532 mihi
1235 1463 1448 1533 anxio
1483 1464 1597 1533 vel
1623 1460 1984 1534 dominum
2010 1465 2124 1534 vel
2143 1463 2438 1533 amicum
2468 1481 2758 1533 somnus

602 1583 882 1671 obtulit,
934 1606 1163 1678 neque
1204 1585 1367 1676 quia
1406 1584 1519 1657 hic
1559 1585 1758 1671 obiit,
1804 1585 1915 1656 ille
1964 1584 2247 1670 revixit,
2303 1591 2638 1655 caeterum
2689 1584 2761 1653 in

610 1715 900 1800 utroque
934 1710 1049 1778 vel
1085 1709 1275 1801 quod
1311 1708 1638 1802 optabam
1679 1710 1791 1780 vel
1832 1708 2021 1801 quod
2064 1706 2433 1780 horrebam
2475 1727 2761 1778 cernere

602 1830 805 1903 visus
848 1852 1035 1916 sum,
1073 1840 1146 1903 et
1181 1854 1338 1904 cum
1376 1832 1551 1904 visis
1579 1833 1757 1903 meis
1792 1834 2065 1904 fortuna
2103 1829 2456 1914 coincidit,
2507 1828 2758 1901 idcirco

603 1954 889 2026 somniis
958 1952 1165 2026 fidem
1221 1954 1472 2042 habeo,
1536 1977 1676 2028 non
1735 1954 1959 2048 magis
2010 1975 2220 2046 quam
2275 1954 2515 2025 Cicero
2577 1953 2750 2046 ipse,

603 2088 882 2172 propter
932 2080 1137 2151 unius
1202 2079 1310 2150 sui
1372 2079 1621 2152 somnii
1671 2081 2020 2151 fortuitam
2072 2077 2463 2164 veritatem,
2509 2081 2760 2150 multo-

605 2224 757 2271 rum
800 2201 1213 2293 ambagibus
1248 2201 1657 2296 implicatur.
1701 2204 1890 2273 Vale.

888 2347 980 2401 VI.
1016 2346 1137 2401 Kal.
1174 2346 1288 2400 Ian.

1416 2714 1766 2776 EPISTULA
1813 2715 1943 2775 vlll.

603 2899 985 2948 rnANmscus
1023 2899 1359 2947 PETRARCA
1394 2898 1659 2947 mmmm
1695 2898 1966 2946 Annam:
2004 2898 2060 2944 F.
2093 2897 2473 2944 nomomENsr
2508 2900 2559 2943 s,
2599 2899 2653 2945 P.
2693 2900 2752 2945 n.

1006 3056 1085 3110 De
1113 3055 1455 3111 adolescente
1482 3054 1614 3110 soedi
1640 3054 1843 3109 amoris
1869 3052 2139 3108 illecebris
2163 3057 2338 3123 capto.

794 3300 893 3369 De
957 3297 1395 3369 adolescente
1467 3308 1586 3368 tuo
1650 3296 1819 3389 quid
1882 3296 2051 3366 mihi
2114 3294 2435 3367 videatur
2476 3304 2550 3365 et
2587 3293 2757 3387 quid

602 3417 924 3510 sperem?
964 3413 1218 3486 Amore
1258 3412 1494 3499 noxio,
1539 3425 1634 3499 et,
1677 3414 1870 3508 quod
1893 3414 2090 3506 peius
2118 3422 2250 3497 est,
2293 3410 2505 3506 turpi,
2550 3419 2758 3504 atque

600 3540 875 3611 omnino
940 3537 1139 3611 malis
1200 3536 1466 3609 retibus
1515 3548 1763 3634 captus
1823 3548 1953 3609 est.
2004 3535 2359 3608 Subirasci
2412 3534 2753 3607 interdum

600 3668 854 3756 potest,
924 3663 1064 3733 imo
1129 3682 1300 3733 vero
1367 3682 1558 3755 saepe
1596 3662 1906 3754 cogitur:
1957 3659 2114 3733 haec
2157 3671 2404 3733 natura
2450 3659 2750 3742 amoriS,

600 3786 756 3857 haec
805 3786 1184 3858 amantium
1236 3783 1381 3855 vita
1421 3794 1552 3855 est.
1598 3786 1997 3857 Irascuntur
2046 3792 2120 3855 et
2167 3784 2461 3877 litigant,
2505 3794 2573 3856 et
2621 3785 2753 3854 fre-

600 3928 825 3998 quens
867 3905 1123 3977 bellum
1166 3905 1413 3978 crebra
1451 3928 1623 3999 paee
1664 3906 2111 3991 concludunt3
2148 3918 2220 3980 et
2251 3908 2376 3978 vix
2410 3916 2760 3979 momento

602 4029 935 4119 temporis
977 4052 1158 4101 unus
1192 4030 1526 4124 propositi
1554 4039 1750 4103 tenor
1790 4041 2041 4103 manet.
2078 4032 2278 4102 Nulla
2311 4029 2625 4124 quidem,
2661 4049 2756 4098 ex

603 4147 925 4220 omnibus
955 4150 1118 4222 vitae
1149 4151 1694 4238 difficultatibus,
1734 4154 2192 4226 inconstantia
2218 4161 2289 4223 et
2312 4149 2754 4222 fluctuatione

604 4266 1077 4341 vehementior
1113 4281 1241 4343 est.
1288 4275 1530 4366 Itaque
1564 4275 1917 4347 rarissime
1953 4278 2173 4359 laetoS,
2215 4295 2406 4366 saepe
2439 4281 2750 4356 moestoS,
