3104 4805
1028 375 1213 421 Lmen
1258 374 1502 423 ramus.
1530 373 1932 422 —Ems‘rom
1978 375 2099 422 vin.
2563 368 2635 426 67

488 524 703 592 fretus
747 520 921 589 alter
960 517 1366 590 libidinosos
1396 541 1477 590 ac
1506 529 1763 603 truces,
1802 518 2298 611 brutorumque
2332 521 2641 592 animan-

489 644 659 713 tium
694 640 1005 711 moribus
1042 639 1451 724 simillimos,
1484 642 1654 710 alter
1681 650 1993 731 agrestes
2035 650 2103 709 et
2143 641 2356 711 duros
2384 641 2455 711 in
2484 644 2641 715 saxi

463 741 802 847 modum,
836 773 1046 854 atque
1070 761 1538 833 intractabiles
1578 764 1864 847 animOS,
1897 763 1986 833 ad
2013 764 2637 850 mansuetudinem,

485 897 555 957 et
594 886 903 957 omnium
947 906 1181 955 rerum
1223 883 1623 976 patientiam
1673 884 1978 955 ereditur
2029 884 2401 956 animasse.
2446 885 2643 957 Adde

489 1011 677 1102 quod
701 1009 836 1078 hoo
863 1006 1093 1077 studio
1121 1005 1354 1074 multis
1393 1005 1462 1073 in
1498 1007 1874 1096 longinqua
1909 1007 2195 1097 regione
2229 1007 2640 1097 degentibus

488 1132 823 1222 prodesse
863 1128 1344 1219 permittimur.
1390 1125 1498 1198 Ad
1538 1148 1716 1218 quos
1769 1127 1989 1198 nostri
2042 1130 2238 1221 eopia
2286 1138 2357 1198 et
2406 1131 2646 1200 eonvi-

398 1284 404 1291 ·
491 1261 644 1321 otus
672 1272 1027 1341 nunquam
1054 1251 1229 1320 forte
1261 1258 1600 1320 venturus
1634 1256 1774 1332 est,
1814 1270 2045 1318 sermo
2081 1250 2457 1341 perveniet.
2499 1252 2642 1321 lam

498 1396 656 1443 vero
695 1383 1032 1465 quantum
1084 1370 1383 1465 posteris
1435 1370 1751 1440 collaturi
1806 1370 2054 1455 simus,
2099 1373 2352 1463 optime
2404 1374 2684 1477 metie-⁶

493 1516 670 1576 mur,
712 1494 773 1563 si
811 1504 1148 1585 quantum
1188 1493 1388 1564 nobis
1423 1491 1839 1564 contulerint
1872 1492 2209 1563 maiorum
2247 1503 2641 1565 nostrorum

494 1614 777 1686 inventa
826 1615 1365 1686 meminerimus,
1420 1613 1558 1684 Sed
1606 1613 1720 1685 bic
1770 1636 2018 1684 rursus
2072 1636 2428 1685 occurres:
2472 1614 2643 1707 quid

376 1790 389 1804 .
492 1736 676 1805 enim
717 1746 825 1806 est
862 1759 1038 1829 opus
1079 1737 1373 1830 amplius
1412 1734 1795 1819 elaborare,
1829 1736 1888 1805 si
1914 1736 2168 1819 omnia,
2193 1756 2353 1828 quae
2390 1735 2481 1806 ad
2515 1736 2648 1806 uti-

496 1860 716 1927 litates
781 1859 1133 1930 hominum
1202 1868 1534 1951 spectant,
1579 1859 1716 1931 iam
1759 1870 1916 1930 ante
1980 1859 2161 1929 mille
2210 1880 2428 1929 annos
2507 1869 2645 1929 tam

504 1979 732 2049 multis
798 1980 1265 2051 voluminibus
1327 1980 1483 2052 stilo
1542 2003 1831 2074 prorsus
1891 1979 2217 2064 mirabili,
2269 1990 2338 2051 et
2386 1980 2645 2051 divinis

501 2100 789 2190 ingeniis
858 2100 1111 2193 scripta
1163 2105 1485 2173 manent?
1531 2103 1748 2187 Pone,
1793 2103 2292 2195 quaeso‚»hanc
2345 2103 2648 2174 solicitu-

497 2222 757 2305 dinem;
799 2244 1157 2314 nunquam
1200 2233 1264 2293 te
1306 2246 1419 2294 res
1461 2224 1595 2295 ista
1649 2200 1880 2294 trahat
1929 2223 2018 2294 ad
2070 2224 2407 2295 inertiam.
2451 2226 2648 2295 Hunc

497 2343 681 2414 enim
747 2354 1002 2415 metum
1057 2355 1128 2416 et
1186 2345 1467 2437 quidam
1535 2368 1628 2418 ex
1679 2346 2037 2422 veteribus
2088 2346 2290 2417 nobis
2345 2347 2650 2418 abstule-

502 2476 687 2549 runt,
740 2476 809 2535 et
870 2488 1003 2559 ego
1068 2477 1230 2560 post
1278 2491 1390 2538 me
1442 2469 1754 2539 venturis
1807 2471 2064 2540 aufero.
2117 2471 2369 2540 Decem
2421 2469 2649 2541 adhuc

504 2590 787 2661 redeant
838 2611 1173 2663 annorum
1226 2591 1471 2675 millia3
1517 2594 1775 2663 saeoula
1828 2594 2100 2663 saeeulis
2153 2573 2642 2685 aggregentur,

500 2733 850 2804 nunquam
893 2712 1060 2785 satis
1102 2713 1497 2785 laudabitur
1538 2715 1795 2794 virtus;
1830 2736 2184 2807 nunquam
2219 2713 2309 2784 ad
2343 2736 2645 2784 amorem

498 2833 641 2917 Dei,
674 2834 762 2906 ad
787 2835 1020 2906 odium
1051 2839 1478 2928 voluptatum
1515 2846 1862 2929 praeoepta
1898 2836 2267 2916 sufficient;
2294 2857 2648 2925 nunquam

498 2956 717 3027 acutis
759 2957 1055 3048 ingeniis
1090 2957 1221 3028 iter
1254 2958 1654 3028 obstruetur
1688 2958 1777 3028 ad
1810 2977 2152 3027 novarum
2189 2976 2420 3026 rerum
2455 2955 2651 3025 inda-

499 3078 747 3168 ginem.
790 3080 982 3149 Bono
1023 3079 1234 3169 igitur
1273 3079 1503 3150 animo
1546 3080 1799 3149 simus:
1844 3101 1982 3149 non
2023 3076 2417 3148 laboramus
2453 3075 2523 3144 in
2558 3075 2650 3145 ir-

500 3200 728 3268 ritum.
768 3200 919 3270 Non
959 3203 1217 3272 frustra
1258 3200 1695 3286 laborabunt,
1742 3201 1859 3294 qui
1901 3208 2059 3293 post
2108 3201 2364 3270 multas
2404 3207 2649 3268 aetates

503 3318 637 3388 sub
676 3318 882 3391 finem
917 3322 1161 3393 mundi
1198 3322 1626 3394 senescentis
1663 3322 2000 3395 orientur:
2035 3322 2267 3415 potius
2306 3319 2473 3390 illud
2511 3340 2653 3387 me-

504 3441 826 3512 tuendum
879 3454 1015 3529 est,
1069 3465 1159 3514 ne
1208 3445 1402 3536 prius
1454 3445 1767 3517 homines
1824 3467 1986 3517 esse
2036 3445 2382 3525 desinant,
2435 3461 2646 3531 quam

501 3563 589 3633 ad
629 3563 941 3635 intimum
995 3566 1309 3638 veritatis
1361 3587 1690 3638 areanum
1742 3565 2206 3634 humanorum
2261 3557 2646 3628 studiorum

496 3706 663 3756 cura
704 3688 1112 3781 perruperit.
1146 3689 1529 3772 Postremo,
1565 3686 1624 3757 si
1650 3693 2060 3756 caeterorum
2095 3679 2450 3751 hominum
2487 3676 2653 3747 cha-

501 3806 666 3876 ritas
706 3811 892 3910 nulla
932 3832 1059 3881 nos
1100 3820 1405 3901 cogeret,
1448 3809 1785 3903 optimum
1827 3817 2085 3889 tamen,
2128 3811 2198 3872 et
2236 3798 2436 3872 nobis
2479 3798 2647 3890 ipsis

498 3929 1126 4004 fructuosissimum
1172 3933 1571 4017 arbitrarer,
1615 3927 2026 4022 eloquentiae
2070 3923 2376 3996 studium
2410 3944 2547 3993 non
2582 3923 2652 3992 in

496 4051 754 4122 ultimis
796 4051 1077 4126 habere.
1120 4056 1220 4126 De
1262 4077 1338 4126 se
1379 4053 1494 4125 alii
1537 4051 1866 4134 viderint:
1905 4050 1992 4120 de
2025 4070 2138 4119 me
2176 4055 2430 4129 autem,
2472 4036 2654 4136 ⁸quid

494 4186 888 4246 mereantur
938 4178 1024 4244 *in
1093 4177 1458 4249 solitudine
1510 4175 1836 4269 quaedam
1887 4193 2094 4242 voees
2146 4168 2520 4241 familiares
2573 4186 2653 4234 ao
