3104 4805
543 395 651 458 132
1137 441 1144 442 ff
1209 411 1291 460 nn
1335 410 1537 458 nunus
1583 410 2031 462 numillimus

540 554 918 628 steritatem
977 553 1146 624 mihi
1205 554 1520 625 conciliet
1584 555 1872 627 assidue
1928 556 2397 628 meditantem.
2443 557 2700 629 Omnes

538 702 649 751 me
683 702 842 751 cum
886 677 1337 750 admiratione
1378 677 1759 771 respiciunt
1796 679 2125 764 ociosum,
2170 680 2591 773 intrepidum
2631 689 2705 751 et

538 803 894 873 inermem.
965 801 1217 873 Contra
1267 822 1401 891 ego
1450 822 1696 872 omnes
1748 802 2051 873 admiror
2100 803 2422 896 pavidOS,
2479 803 2704 875 solici-

540 933 676 1006 tOS,
734 931 803 993 et
854 932 1181 995 armatos.
1239 924 1405 995 Haeo
1452 933 1564 994 est
1620 923 2083 995 humanarum
2135 925 2442 997 varietas
2493 925 2718 997 actio-·

538 1067 727 1116 num.
770 1046 974 1129 Quod
1026 1046 1084 1116 si
1136 1047 1369 1117 forsan
1419 1046 1836 1138 interroger,
1883 1067 1972 1116 an
2013 1046 2177 1118 hinc
2217 1048 2517 1140 migrare
2558 1068 2706 1116 ma-

539 1165 686 1250 lim,
716 1188 851 1238 non
877 1167 1071 1238 facile
1099 1166 1398 1237 dixerim
1429 1192 1443 1249 3
1471 1177 1542 1237 et
1566 1167 1667 1237 ire
1703 1167 1925 1253 iuvat,
1965 1176 2037 1239 et
2067 1190 2352 1240 manere
2384 1169 2701 1239 delectat.

543 1287 652 1360 Ad
700 1290 998 1384 primum
1049 1290 1331 1384 pronior
1373 1310 1568 1360 sum:
1611 1312 1750 1360 non
1803 1288 1993 1382 quod
2035 1289 2150 1361 hic
2198 1290 2468 1363 molesti
2502 1290 2705 1384 quid-

545 1435 753 1505 quam
805 1413 1050 1506 patiar,
1099 1413 1228 1485 sed
1259 1415 1544 1485 Romam
1582 1413 1869 1485 visurus
1911 1413 2118 1487 domo
2158 1435 2532 1487 moveram.
2576 1415 2707 1484 Est

546 1546 780 1607 autem
823 1534 1206 1607 secundum
1247 1548 1595 1623 naturam,
1641 1548 1719 1608 ut
1757 1559 1984 1631 usque
2025 1539 2095 1608 in
2138 1537 2345 1609 finem
2384 1548 2705 1609 votorum

546 1657 820 1729 animus
873 1681 1011 1730 non
1062 1660 1418 1753 quiescat;
1480 1683 1575 1732 ex
1638 1683 1779 1754 quo
1831 1663 2138 1734 maxime
2189 1663 2488 1734 colorem
2539 1659 2704 1730 mihi

548 1781 840 1864 videtur,
874 1779 1210 1855 habuisse
1248 1783 1479 1877 opinio
1521 1783 1634 1855 illa
1675 1805 1836 1877 quae
1875 1783 2191 1856 beatifica
2241 1784 2513 1856 visione
2550 1783 2703 1868 Dei,

549 1902 619 1974 in
643 1925 783 1998 qua
807 1917 1288 1979 consummata
1319 1906 1612 1979 felicitas
1647 1907 1948 1979 hominis
1991 1907 2325 1993 consistit,
2354 1906 2714 1978 defuncto-

547 2051 704 2100 rum
730 2013 998 2103 animas
1025 2030 1290 2104 tamdiu
1323 2030 1664 2103 carituras
1701 2029 2126 2115 adstruebat,
2166 2031 2388 2103 donec
2426 2053 2712 2124 corpora

549 2152 1136 2247 resumpsissent:
1181 2152 1369 2245 quod
1419 2152 1822 2225 naturaliter
1872 2176 2008 2225 non
2061 2164 2300 2248 optare
2367 2177 2503 2226 non
2555 2174 2715 2247 pos-

553 2283 741 2356 sunt;
789 2273 1116 2365 quamvis
1169 2272 1281 2343 illa
1334 2274 1679 2345 sententia
1729 2279 2104 2348 multorum
2160 2277 2416 2348 saniori
2464 2276 2716 2348 iudicio

552 2397 764 2481 victa,
816 2406 887 2466 et
933 2418 1091 2468 cum
1156 2405 1438 2467 auctore
1491 2417 1620 2468 suo
1675 2394 1796 2491 (da
1861 2398 2169 2484 veniam,
2239 2421 2517 2493 quaeSO,
2596 2397 2715 2491 qui

555 2516 757 2587 valde
789 2538 978 2602 eum,
1028 2517 1151 2589 sed
1186 2539 1322 2589 non
1358 2540 1633 2591 errores
1671 2519 1825 2591 eius
1858 2519 2194 2615 dilexisti)
2237 2527 2506 2617 sepulta
2548 2522 2717 2592 iam—

555 2637 820 2727 pridem
864 2637 972 2708 sit.
1015 2640 1204 2710 Vale.

1559 2823 1714 2835 ψ

1375 3059 1732 3125 EPISTOLA
1772 3060 1908 3125 XIII.

633 3267 1023 3318 FRANCISCUS
1053 3268 1389 3319 PETRARCA
1420 3268 1686 3319 IOHANNI
1712 3267 2027 3318 COLUMNAE
2055 3266 2396 3317 CARDINALI
2424 3269 2475 3318 S.
2505 3269 2559 3317 P.
2586 3270 2647 3318 1).

696 3444 776 3498 De
803 3443 944 3498 Urso
973 3444 1330 3515 Anguillariae
1360 3443 1601 3513 Comite,
1626 3449 1689 3498 et
1717 3444 1909 3515 Hagne
1938 3441 2209 3498 Columna
2235 3444 2558 3515 coniugibus
2577 3485 2590 3512 ‚

1409 3534 1719 3606 hospitibus
1748 3534 1880 3589 suiS.

766 3745 843 3813 In
908 3745 1042 3816 hoc
1107 3766 1270 3816 ecce
1337 3745 1742 3837 Caprarum,
1801 3742 1936 3812 imo
1988 3763 2157 3812 vero
2207 3744 2483 3813 leonum
2525 3761 2607 3812 ac
2649 3741 2730 3810 ti-

571 3867 847 3958 gridum
900 3878 1161 3954 monte,
1207 3866 1514 3962 quolibet
1580 3888 1760 3958 agno
1834 3864 2060 3935 mitior
2111 3866 2331 3936 Ursus
2385 3864 2518 3936 iste
2568 3875 2728 3936 tuus

570 3986 852 4084 habitat,
891 3987 1340 4082 Anguillariae
1374 4009 1637 4073 comeS,
1678 3996 1944 4059 amator
1976 3985 2184 4081 pacis,
2218 3986 2367 4057 sine
2394 3985 2727 4055 bellorum

573 4116 792 4178 metu:
860 4109 1037 4181 inter
1100 4112 1278 4183 bella
1337 4134 1629 4185 securus
1692 4133 1830 4184 non
1885 4108 2034 4181 sine
2095 4108 2284 4203 pacis
2346 4105 2723 4193 desiderio,

572 4229 1037 4323 hospitalitate
1076 4234 1421 4305 secundus
1463 4234 1749 4317 nemini,
1805 4231 2095 4304 consilio
2144 4232 2423 4322 vigenS,
2477 4226 2727 4299 blande
