3104 4805
853 357 1038 407 mni-:n
1081 356 1389 416 QUARTUS.
1416 355 1818 406 —EPISTOLA
1858 358 1937 406 vl.
2367 344 2489 405 213

1168 640 1519 706 EPISTOLA
1564 642 1651 707 VJ.

548 855 935 905 FRANCISCUS
976 854 1311 905 PETRARCA
1353 854 1587 906 IACOBO
1625 855 1940 905 COLUMNAE
1981 854 2286 907 EPISCOPO

1062 953 1485 1001 LOMBERIENSI
1528 952 1579 1000 S.
1622 954 1677 1000 P.
1719 955 1778 1002 D.

362 1141 622 1206 Queritur
649 1157 778 1195 eum
805 1140 983 1196 Roma
1010 1138 1199 1194 abesse
1225 1157 1337 1212 quo
1362 1140 1608 1195 lauream
1636 1145 1993 1211 suscepturus
2018 1139 2134 1210 ipse
2161 1157 2220 1195 se
2248 1137 2475 1196 confert.

536 1364 860 1435 Fortunae
899 1363 1190 1435 insidias
1232 1384 1371 1435 non
1412 1363 1620 1435 hodie
1653 1365 1949 1458 primum
1985 1363 2362 1456 intelligere
2396 1363 2500 1432 in-

341 1470 538 1580 cipio.
579 1487 729 1559 Non
770 1486 1034 1559 invadit
1068 1508 1196 1558 nos
1239 1495 1504 1558 tantum
1573 1487 1715 1571 illa,
1764 1488 1886 1559 sed
1943 1488 2206 1583 spargit
2255 1509 2337 1558 ac
2387 1508 2501 1558 se-

342 1620 565 1707 parat;
607 1632 693 1679 ne
733 1610 908 1681 laetis
954 1609 1214 1682 scilicet
1251 1620 1322 1681 et
1359 1608 1680 1680 adversis
1722 1608 1793 1678 in
1835 1609 2045 1681 rebus
2088 1612 2258 1681 alter
2298 1608 2502 1682 alteri

346 1733 590 1805 solatio
652 1734 759 1804 sit.
802 1734 1013 1807 Norat
1061 1735 1173 1805 illa
1223 1743 1504 1827 quantae
1554 1731 1718 1802 olim
1771 1753 2004 1802 meum
2057 1753 2176 1802 cor
2224 1741 2503 1803 urerent

344 1874 553 1939 curae,
597 1853 853 1946 quibus
896 1855 985 1925 ad
1027 1856 1305 1949 plenum
1349 1854 1631 1935 mederi,
1669 1861 1736 1922 te
1775 1860 2046 1945 praeter,
2075 1874 2279 1922 nemo
2313 1862 2504 1944 pote-

347 1987 472 2049 rat.
525 1977 715 2047 Tunc
760 1998 959 2067 ergO,
1008 1977 1261 2047 mirum
1316 1978 1385 2046 in
1444 1975 1724 2047 modum
1774 1974 2181 2068 conquisitis
2233 1975 2497 2060 causiS,

348 2109 417 2170 te
470 2101 537 2169 in
581 2099 693 2170 illo
736 2097 1035 2192 pectoris
1090 2099 1224 2170 mei
1279 2108 1459 2169 aestu
1509 2097 1943 2189 refrigerium
1996 2098 2273 2170 unicum
2338 2121 2510 2171 ave-

345 2234 555 2300 ctum,
599 2221 690 2293 ab
729 2220 938 2293 Arcto
982 2221 1257 2292 rediens
1287 2220 1540 2292 inveni.
1572 2221 1838 2313 Itaque,
1877 2222 2153 2292 tametsi
2180 2224 2500 2308 Romam,

347 2355 535 2418 tuam
578 2344 926 2440 propriam
970 2353 1039 2415 et
1079 2365 1515 2416 communem
1558 2343 1887 2428 omnium,
1937 2344 2106 2415 mihi
2139 2366 2311 2417 vero
2345 2354 2504 2416 ante

345 2489 589 2539 omnes
667 2489 964 2562 semper,
1038 2478 1199 2539 tunc
1263 2478 1494 2539 autem
1560 2478 1628 2538 et
1692 2476 1970 2561 propter
2036 2489 2111 2538 se
2171 2468 2391 2561 ipsam
2435 2477 2506 2540 et

346 2601 627 2685 propter
666 2602 735 2663 te
777 2591 1056 2683 gemino
1096 2590 1443 2663 desiderio
1491 2600 1888 2684 exoptatam
1940 2591 2230 2685 patriam
2272 2592 2507 2686 petiis-

350 2734 492 2795 ses;
525 2724 753 2786 tamen
777 2712 1251 2807 consequendi
1285 2712 1653 2784 difficultas
1713 2721 2039 2783 moestum
2077 2720 2286 2804 atque
2319 2711 2507 2784 deie-

348 2846 533 2908 ctum
576 2836 880 2908 animum
924 2834 1255 2908 habebat:
1303 2844 1377 2905 ut
1416 2857 1574 2906 cum
1613 2834 1866 2928 ubique
1918 2837 2082 2906 exul
2133 2833 2302 2905 mihi
2355 2835 2506 2906 sine

354 2969 419 3031 te
458 2958 729 3043 videar,
777 2970 923 3031 tum
966 2962 1356 3051 praesertim
1399 2957 1657 3028 anxius
1700 2966 1909 3051 atque
1949 2980 2186 3029 amore
2225 2955 2499 3038 ardens,

353 3091 422 3152 et
459 3083 747 3153 Romam
802 3080 925 3151 tibi
977 3079 1388 3165 inviderem,
1434 3091 1505 3151 et
1547 3089 1614 3151 te
1656 3081 1923 3152 Romae:
1974 3103 2114 3174 quo
2164 3079 2234 3149 in
2287 3087 2499 3160 statu,

354 3201 602 3273 eadem
654 3203 768 3272 illa
818 3202 1196 3273 iuvenilem
1247 3203 1554 3272 animum
1605 3204 1916 3277 frenante
1963 3205 2260 3286 fortuna,
2306 3202 2506 3295 pauci

356 3325 516 3395 anni
543 3324 797 3418 quibus
827 3326 919 3397 ad
945 3325 1242 3397 invicem
1288 3325 1387 3396 sic
1426 3324 1735 3396 distracti
1778 3325 2104 3409 viximuS,
2133 3326 2504 3396 multorum
2541 3326 2544 3335 '

358 3448 542 3543 apud
582 3471 692 3519 me
745 3449 969 3521 vicem
1010 3451 1422 3520 saeculorum
1460 3458 1852 3518 tenuerunt.
1888 3448 2065 3517 Veni
2099 3444 2394 3530 tandem,
2431 3455 2511 3515 ut

357 3570 622 3656 vidisti,
688 3572 972 3668 hyeme,
1037 3571 1250 3656 benc,
1318 3572 1704 3664 pelagoque
1769 3568 2194 3640 tonantibus:
2262 3589 2506 3639 omnes

356 3716 601 3788 nempe
643 3694 1335 3786 difficultates'fregit
1372 3716 1594 3767 amor:
1658 3704 1871 3787 utque
1935 3693 2031 3764 ait
2084 3692 2305 3776 Maro,
2352 3692 2512 3760 vicit

356 3819 482 3886 iter
512 3814 751 3886 durum
782 3821 1007 3910 pietas.
1045 3820 1363 3912 Dumque
1402 3841 1608 3890 suum
1642 3815 2037 3889 venerabile
2072 3838 2152 3886 ac
2184 3813 2511 3909 perdulce

357 3938 702 4011 obiectum
732 3950 1056 4032 quaerunt
1081 3942 1282 4027 oculi,
1321 3945 1506 4014 nulla
1540 3942 1753 4013 maris
1788 3939 2060 4012 fastidia
2089 3932 2516 4023 stomachus⁸

360 4063 597 4134 talium
659 4062 819 4135 licet
883 4064 1528 4158 impatientissimus
1594 4074 1865 4148 natura,
1933 4064 2190 4134 nullam
2242 4061 2511 4133 brumae

364 4194 711 4280 terraeque
776 4187 1098 4260 duritiem
1164 4209 1441 4284 corpuS,
1510 4189 1735 4259 nullas
1790 4186 2244 4282 periculorum
2287 4185 2509 4256 minas
