3104 4805
562 419 636 484 8⁹2
1230 435 1308 483 os
1353 434 1554 481 nesus
1599 432 2041 480 minummcs

563 583 803 653 mortis
845 604 925 653 ac
964 584 1283 665 fortunae,
1328 578 1552 650 victor
1593 576 1932 670 apparuit.
1976 579 2305 664 Pericles,
2345 577 2722 652 Athenien-

565 706 662 775 sis
704 706 882 789 duit,
927 704 1104 773 inter
1154 713 1451 794 quatuor
1501 700 1652 772 dies
1703 699 1979 772 duobus
2024 700 2182 770 filiis
2223 700 2537 789 orbatuS,
2583 727 2722 776 non

567 831 788 899 solum
838 849 976 896 non
1027 825 1390 917 ingemuit,
1439 825 1564 896 sed
1603 846 1731 896 nec
1770 823 2069 918 priorem
2121 825 2366 897 frontis
2406 827 2722 899 habitum

563 949 876 1020 mutavit.
930 950 1098 1020 Cato
1152 949 1383 1019 senior
1434 947 1573 1032 ille,
1627 947 1830 1017 cuius
1878 968 2094 1039 supra
2135 949 2559 1019 mentionem
2600 951 2726 1020 ha-

563 1069 724 1153 hui,
789 1081 1124 1161 quantum
1200 1069 1520 1139 laudetur
1584 1066 1675 1137 ab
1751 1065 2077 1138 omnibus
2143 1071 2377 1139 nullus
2453 1069 2726 1162 ignorat

565 1193 685 1284 qui
736 1193 940 1264 modo
989 1194 1103 1262 vel
1155 1190 1454 1261 tenuiter
1488 1189 1683 1260 novit
1723 1189 2087 1261 historias:
2129 1191 2458 1283 quodque
2499 1192 2722 1262 maius

565 1326 700 1398 est,
759 1315 908 1384 sine
959 1316 1094 1384 ulla
1145 1311 1595 1384 historiarum
1649 1312 1928 1396 notitia,
1987 1312 2085 1383 sic
2134 1312 2269 1381 iam
2320 1313 2506 1403 apud
2556 1337 2724 1384 cun·
2820 1313 2823 1317 ’

567 1446 714 1506 ctos
767 1436 977 1505 huius
1028 1433 1326 1505 nominis
1376 1438 1560 1504 fama
1611 1409 2044 1527 percrebuit,
2114 1443 2220 1517 ut,
2295 1454 2379 1503 eo
2441 1433 2719 1518 audit0,

570 1558 695 1627 vix
743 1557 1123 1649 quidquam
1175 1557 1265 1627 ad
1319 1556 1683 1648 sapientiae
1736 1578 2079 1626 summam
2132 1554 2335 1627 adiici
2376 1575 2585 1646 posse
2619 1555 2727 1623 vi-

570 1680 834 1749 deatur.
902 1680 1003 1750 lta
1053 1679 1130 1749 fit
1184 1689 1285 1764 ut,
1342 1702 1481 1749 non
1534 1679 1758 1770 magis
1809 1689 2128 1749 veterum
2181 1675 2462 1761 iudicio,
2516 1698 2726 1768 quam

572 1801 1061 1874 modernorum
1118 1824 1496 1884 consensu,
1552 1801 1720 1871 Cato
1766 1798 2324 1892 sapientissimus
2366 1797 2727 1869 habeatur.

571 1923 782 2016 Atqui
830 1924 1008 1996 inter
1058 1929 1272 1996 multa
1322 1926 1654 2018 praeclara
1716 1921 2017 1992 hominis
2084 1920 2298 2005 illius,
2365 1919 2538 1990 nihil
2592 1920 2732 1990 sin-

572 2048 885 2137 gularius
936 2049 1387 2130 admiramur,
1443 2068 1654 2137 quam
1706 2044 1894 2139 quod
1943 2053 2235 2115 mortem
2287 2042 2437 2128 filii,
2494 2043 2729 2136 optimi

574 2168 736 2254 viri,
783 2167 1295 2238 modestissime
1346 2166 1598 2235 dicitur
1634 2167 1898 2238 tulisse.
1929 2168 2330 2260 Xenophon,
2364 2164 2484 2235 filii
2510 2175 2731 2234 morte

577 2290 912 2370 nuntiata,
961 2287 1405 2369 sacrificium,
1479 2287 1591 2355 cui
1644 2297 1807 2357 tunc
1859 2289 2210 2373 intererat,
2265 2309 2404 2357 non
2456 2286 2731 2366 omisit;

576 2432 899 2481 coronam
938 2419 1227 2492 tantum,
1268 2430 1477 2500 quam
1512 2409 1737 2502 capite
1771 2409 2121 2501 gestabat,
2166 2411 2523 2503 deposuit;
2568 2430 2736 2480 mox

576 2532 1012 2618 interrogans
1049 2528 1467 2619 diligentiuS,
1505 2540 1717 2622 atque
1752 2531 2045 2602 audiens
2072 2531 2264 2623 quod
2293 2541 2575 2603 strenue
2611 2553 2739 2623 pu-

577 2670 801 2737 gnans
860 2649 1254 2734 cecidisset,
1317 2670 1642 2719 coronam
1708 2652 1931 2742 ipsam
1997 2651 2201 2744 capiti
2268 2654 2616 2742 reposuit,
2665 2661 2739 2721 ut

576 2763 977 2840 ostenderet
1035 2771 1122 2840 de
1195 2769 1608 2861 cuiusquam
1675 2779 1897 2840 morte
1952 2792 2089 2838 non
2140 2770 2542 2850 dolendum,
2597 2770 2734 2840 nisi

582 2889 873 2983 turpiter
914 2900 986 2961 et
1021 2891 1273 2983 ignave
1307 2890 1663 2960 morientis
1696 2917 1708 2958 ε
1750 2912 1891 2982 quo
1942 2898 2140 2958 metu·
2194 2885 2571 2957 verisimile
2627 2898 2738 2958 est

580 3012 808 3082 virum
846 3013 1224 3106 sapientem
1251 3033 1558 3105 vereque
1585 3010 2035 3092 Socraticum,
2067 3007 2157 3079 ad
2189 3007 2488 3100 primum
2513 3008 2736 3077 nuntii

583 3136 903 3218 relatum,
948 3134 1364 3227 deposuisse
1397 3155 1740 3204 coronam.
1786 3129 2244 3222 Anaxagoras
2286 3138 2576 3199 mortem
2621 3127 2740 3198 filii

581 3254 934 3326 nuncianti
976 3256 1191 3341 Nihil,
1239 3256 1487 3349 inquit,
1534 3278 1780 3325 novum
1821 3264 1936 3324 aut
1977 3255 2474 3346 inempectatum
2512 3249 2743 3321 audio.-

582 3399 699 3470 eqo
739 3381 945 3463 enim,
990 3400 1137 3447 cum
1179 3382 1304 3450 sim
1337 3380 1658 3464 mortalis,
1698 3377 1978 3447 sciebam
2020 3398 2110 3445 em
2149 3397 2251 3444 me
2280 3375 2575 3466 ,qenimm
2615 3395 2747 3443 esse

584 3500 943 3569 mortalem.
998 3499 1054 3570 Ο
1105 3522 1274 3572 vere
1325 3498 1616 3590 dignum
1667 3496 1950 3567 homine
2006 3494 2465 3588 responsum!
2525 3493 2746 3575 Quam

586 3619 785 3690 multi
834 3629 1023 3705 sunt,
1076 3642 1117 3691 e
1168 3619 1398 3691 medio
1438 3618 1647 3691 etiam
1691 3618 2266 3712 philosophorum
2310 3636 2547 3706 grege,
2593 3614 2745 3706 qui,

585 3742 718 3811 etsi
771 3752 1042 3812 naturae
1092 3741 1561 3815 conditionem
1626 3737 1942 3832 amplecti
2024 3738 2469 3818 simularent,
2525 3745 2750 3806 tamen

589 3886 1002 3953 perversum
1043 3865 1383 3937 moriendi
1417 3864 1731 3937 ordinem
1770 3863 1954 3934 taciti
1993 3884 2127 3933 non
2166 3861 2525 3933 tulissent!
2568 3855 2754 3925 Ana-

590 4005 877 4073 xagorae
927 4009 1097 4058 vero
1146 3988 1317 4057 nihil
1369 3986 1800 4080 inopinatum
1843 3994 2117 4079 poterat
2155 3984 2595 4072 contingere3
2638 3994 2755 4042 00-

592 4102 857 4193 gitabat
893 4105 1079 4176 enim
1113 4107 1399 4180 assidue
1445 4107 1669 4200 (quod
1707 4117 1819 4177 est
1860 4106 2050 4198 apud
2086 4098 2481 4190 Senecam),
2525 4092 2754 4164 omnia

591 4235 659 4295 et
702 4226 1012 4297 mortalia
1048 4251 1239 4313 esse,
1279 4239 1349 4298 et
1387 4227 1648 4299 incerta
1683 4232 1832 4318 lege
1869 4225 2203 4298 mortalia.
2248 4218 2589 4308 Quodque
2622 4214 2755 4283 alio
