3104 4805
898 397 1081 446 ussa
1129 389 1413 447 rssnrms.
1440 397 1844 449 —Erlsrom
1886 402 2037 451 xxn.
2423 389 2539 450 189

1191 677 1545 743 EPISTOLA
1594 679 1754 742 XXII.

737 903 1125 954 FRANCISCUS
1170 905 1506 956 PETRARGA
1547 906 1753 955 LAELlo
1796 905 1914 955 SUO
1958 908 2010 957 S.
2046 908 2102 956 P.
2139 907 2198 956 D.

682 1091 762 1148 De
789 1091 982 1148 eadem
1011 1109 1070 1148 re
1098 1095 1255 1149 cuius
1281 1095 1339 1149 in
1367 1096 1637 1167 superiori
1664 1096 1895 1167 epistola
1919 1113 2102 1153 sermo
2128 1096 2261 1152 fuit:

1061 1182 1240 1254 deque
1268 1184 1409 1238 mira
1437 1184 1766 1256 eloquentiae
1792 1184 1863 1238 vi.

587 1402 770 1487 Quid
807 1403 929 1476 tibi
971 1403 1080 1476 vis
1119 1403 1393 1478 dicam?
1435 1404 1548 1477 Sic
1586 1414 1714 1491 est,
1761 1416 1836 1477 ut
1867 1406 2218 1479 audieram
2254 1415 2326 1479 et
2358 1409 2546 1500 lege-

396 1549 563 1598 ram.
603 1525 881 1597 Nullum
915 1534 1026 1598 est
1058 1535 1195 1598 tam
1231 1547 1558 1621 asperum
1592 1526 1971 1619 ingenium,
2000 1529 2190 1622 quod
2226 1550 2363 1600 non
2398 1550 2548 1600 mo-

395 1671 548 1722 rum
614 1646 1124 1741 verborumque
1179 1647 1543 1721 dulcedine
1608 1648 1984 1741 mitigetur.
2029 1650 2140 1722 Sic
2178 1648 2546 1724 Africanus

396 1792 597 1844 meus
630 1771 741 1842 ille
778 1771 1093 1865 superior
1132 1772 1522 1868 Syphacem
1549 1794 1785 1864 regem
1811 1772 2180 1846 barbarum
2209 1754 2437 1869 atque,
2470 1786 2546 1848 ut

395 1893 571 1965 Livii
610 1893 845 1966 verbis
888 1905 1069 1977 utar,
1114 1894 1423 1966 romanis
1474 1894 1784 1967 moribus
1825 1895 2205 1981 insuetum,
2248 1907 2321 1967 et
2359 1898 2549 1992 quod

253 2117 264 2124 ⁵
394 2016 776 2090 mirabilius
825 2018 977 2103 fuit,
1030 2015 1492 2091 Asdrubalem
1540 2040 1820 2111 quoque
1871 2018 2549 2111 Carthaginiensium

395 2141 669 2260 ducem,
708 2163 840 2213 non
876 2140 1249 2213 barbarum
1287 2141 1492 2213 modo
1521 2142 1649 2214 sed
1682 2142 1885 2216 etiam
1912 2140 2242 2213 immitem
2279 2142 2545 2214 romani

395 2264 689 2336 nominis
732 2262 1104 2349 inimicum,
1160 2265 1337 2337 inter
1384 2263 1799 2337 coenandum
1853 2263 2054 2336 suavi
2103 2265 2428 2339 convictu
2477 2276 2550 2337 et

396 2387 573 2458 comi
625 2386 1073 2461 mansuefecit
1119 2387 1441 2482 alloquio.
1485 2386 1598 2461 Sic
1646 2386 1860 2461 Iulius
1911 2388 2150 2474 Caesar
2188 2385 2548 2486 Amyclam

399 2510 576 2603 algis
609 2518 681 2581 et
717 2510 1061 2607 aequoreis
1104 2512 1370 2605 spumis
1410 2532 1804 2606 aspersum,
1848 2512 2251 2605 nudumque
2290 2522 2363 2585 et
2402 2511 2551 2585 ino-

399 2655 559 2727 pem
604 2633 1011 2729 piscatorem
1056 2643 1195 2707 tam
1246 2632 1491 2705 leniter
1542 2634 1751 2707 fando
1798 2634 2008 2730 cepit,
2062 2645 2130 2707 et
2178 2635 2359 2707 illius
2411 2656 2550 2709 cae-

402 2776 620 2828 sareae
657 2756 994 2830 sacundiae
1046 2754 1311 2828 retibus
1361 2757 1871 2842 circumvolvit,
1926 2767 2005 2830 ut
2050 2756 2359 2829 inaudito
2391 2779 2553 2855 ver-

400 2878 643 2959 borum
688 2892 890 2965 son0,
935 2890 1009 2951 et
1039 2878 1255 2972 ignoti
1295 2878 1591 2975 hospitis
1632 2878 2085 2952 admiratione
2128 2902 2548 2975 suspensae,

398 3003 757 3075 confestim
783 3059 798 3089 ,
843 3002 1126 3075 iubente
1167 3002 1308 3087 illo,
1352 3002 1669 3095 fragilem
1711 3011 1920 3096 atque
1960 3002 2294 3099 imparem
2326 3005 2552 3099 pelagi

283 3132 286 3135 ’
407 3125 607 3198 minis
649 3125 967 3222 cymbam
1017 3127 1107 3199 de
1152 3126 1277 3198 tuti
1330 3126 1548 3199 litoris
1594 3127 1888 3198 statione
1939 3127 2376 3213 dissolveret,
2430 3149 2555 3224 pa-

402 3249 736 3342 rendique
778 3249 1009 3322 studio
1045 3249 1273 3323 sciens
1311 3271 1392 3321 ac
1419 3252 1665 3321 volens
1702 3249 1791 3322 ad
1821 3250 2170 3325 interitum
2228 3273 2554 3347 propera-

402 3382 526 3443 ret.
570 3371 672 3444 Ac
709 3395 797 3445 ne
840 3394 1116 3468 semper
1154 3372 1515 3445 Africanos
1557 3383 1629 3444 et
1669 3374 1981 3448 Caesares
2023 3377 2411 3469 loquamur,
2441 3373 2554 3445 ille

403 3493 969 3588 philosophorum
1004 3494 1323 3590 princeps
1355 3495 1546 3565 Plato
1578 3494 1987 3591 Dionysium
2023 3495 2384 3568 conciliare
2422 3493 2554 3565 sibi

402 3614 622 3710 potuit
661 3617 1111 3713 Syracusium
1177 3628 1582 3715 tyrannum3
1639 3614 2057 3690 Archelaum
2107 3639 2278 3690 vero
2328 3619 2557 3705 Mace-

402 3738 630 3813 doniae
668 3762 907 3834 regem
933 3741 1296 3838 Euripides
1330 3750 1555 3837 poeta.
1590 3742 1733 3813 Nec
1765 3752 1886 3813 aut
1918 3740 2014 3812 illi
2048 3741 2385 3838 tyrannici
2418 3741 2558 3836 spi-

405 3862 579 3932 ritus
645 3863 857 3956 rigor,
938 3874 1062 3938 aut
1120 3865 1285 3937 huic
1325 3865 1745 3946 *immanitas
1818 3864 2086 3937 obstitit
2161 3862 2554 3946 barbarica;

403 3991 771 4077 utramque
800 3983 1128 4058 duritiem
1162 3987 1441 4080 ingenio
1471 3996 1542 4058 et
1569 3986 1961 4082 eloquentia
1994 3986 2463 4070 molliverunt3
2490 3997 2563 4059 et

401 4108 590 4199 quod
631 4107 842 4181 huius
883 4110 1162 4202 generis
1193 4110 1423 4184 omnia
1461 4123 1776 4186 monstra
1826 4109 2362 4202 transgreditur,
2406 4131 2560 4182 ora-

408 4238 512 4300 tor
570 4229 1011 4324 Aphthonius
1079 4216 1342 4304 saevos'
1370 4233 1731 4308 carnifices
1799 4236 1890 4308 ad
1955 4256 2033 4306 se
2105 4232 2557 4306 occidendum
