3104 4805
559 355 674 418 308
1227 368 1308 416 οε
1352 369 1552 419 annus
1596 369 2038 419 FAmLIARlBUS

557 530 854 617 possunt
893 520 1157 593 divitiae
1199 519 1535 603 virorum3
1604 520 1736 591 viri
1786 519 2183 592 divitiarum
2250 522 2528 614 penitus
2569 543 2707 594 non

558 648 850 740 placent,
894 644 1014 737 qui
1038 664 1196 713 cum
1225 663 1547 714 somnum
1585 663 1791 714 suum
1826 642 2247 728 dormierint,
2278 643 2348 713 in
2383 644 2704 717 manibus

562 768 709 840 suis
749 767 918 838 nihil
957 766 1328 837 invenient.
1382 766 1628 838 Verior
1669 766 1882 858 igitur
1938 766 2053 836 illa
2090 768 2457 861 responsio
2497 790 2705 862 quam

559 889 1050 984 percontationi
1092 888 1390 984 propriae
1428 889 1714 961 Persius
1749 890 1897 983 ipse
1945 889 2261 962 subiecit.
2306 892 2497 963 Cum-
2524 891 2708 963 enim

562 1012 869 1086 secundo
906 1013 1282 1107 quaesisset
1319 1014 1391 1082 in
1442 1023 1666 1083 sancto
1701 1010 1861 1104 quid
1886 1014 2052 1105 facit
2090 1037 2360 1099 aurum,
2405 1014 2656 1085 intulit:

798 1201 1025 1281 Nempe
1053 1201 1167 1263 hoc
1201 1201 1365 1281 quod
1398 1201 1617 1264 Veneri
1649 1202 1881 1265 donatae
1915 1218 1948 1266 a
1983 1202 2224 1280 virgine
2255 1219 2448 1283 pupae.

561 1395 910 1476 Facessat,
950 1411 1100 1474 oro,
1147 1390 1282 1460 iam
1318 1389 1596 1462 tandem
1639 1414 1886 1462 aurum
1921 1390 2192 1489 templis
2227 1392 2491 1476 inutile,
2535 1401 2605 1463 et
2637 1393 2707 1462 in

560 1518 693 1588 alia
752 1515 1001 1608 templa
1041 1513 1188 1598 Dei,
1259 1511 1391 1585 hoc
1439 1488 1569 1585 est·
1599 1513 1669 1584 in
1710 1535 1884 1586 usus
1935 1514 2292 1587 hominum
2329 1513 2700 1607 egentium,

560 1640 967 1710 conferatur.
1013 1636 1115 1707 Sit
1153 1636 1408 1709 Christi
1454 1636 1738 1726 caritaS‚
1793 1661 1953 1732 quae
2005 1638 2243 1711 saeculi
2290 1661 2538 1733 pompa
2576 1649 2703 1708 est.

558 1763 701 1835 Nec
743 1784 1032 1858 semper,
1064 1747 1197 1833 sub
1221 1760 1508 1833 obtentu
1534 1759 1947 1848 dev'otionis,
1977 1761 2313 1834 idolatriae
2341 1761 2706 1833 serviatur.

562 1886 857 1958 Nescitis
898 1884 1085 1980 quod
1125 1885 1414 1958 avaritia
1448 1895 1559 1957 est
1596 1884 1934 1957 idolorum
1978 1885 2326 1958 servitus?
2374 1884 2575 1956 Nulla
2615 1893 2712 1956 tot

562 2011 763 2085 idolis
794 2033 976 2103 ‚gens
1012 2009 1348 2094 abundat,
1393 2011 1561 2081 nulli
1602 2010 2125 2080 convenientius
2162 2008 2436 2093 dicitur,
2467 2016 2709 2080 cavete

563 2155 604 2205 a
644 2132 1050 2205 simulacris.
1121 2126 1393 2206 Credite
1416 2117 1644 2217 'mihi,
1714 2131 2098 2204 Pontifices.
2167 2132 2431 2204 Aurum
2492 2132 2713 2227 potuit

564 2257 882 2328 Christus
922 2254 1198 2340 habere,
1238 2252 1364 2326 sed
1397 2254 1643 2337 noluit;
1673 2254 1873 2328 dives
1898 2277 2058 2328 esse
2086 2257 2307 2348 potuit
2333 2256 2497 2328 dum
2534 2256 2712 2326 inter

561 2379 878 2452 homines
928 2376 1207 2469 agebat:
1259 2385 1736 2471 paupertatem
1787 2378 2058 2461 maluit;
2110 2378 2465 2451 corinthiis
2516 2378 2710 2450 vasis

563 2503 660 2574 uti
696 2501 943 2595 potuit:
987 2497 1311 2571 fictilibus
1354 2521 1527 2572 usus
1567 2512 1694 2573 est.
1740 2502 1987 2588 Nolite,
2043 2501 2441 2586 PontificeS‚
2494 2524 2747 2576 excu-.

563 2624 868 2696 sationes
908 2623 1194 2692 frivolas
1235 2623 1589 2714 aucupari,
1636 2633 1756 2694 aut
1797 2624 1932 2694 sub
1973 2623 2230 2694 Christi
2273 2625 2550 2694 nomine
2588 2647 2713 2718 pa-

561 2750 800 2822 bulum
835 2747 1171 2830 avaritiae,
1217 2755 1289 2817 et
1329 2746 1589 2816 vestris
1630 2745 1953 2815 alimenta
1992 2743 2341 2815 furoribus
2368 2767 2710 2836 aggrega-

562 2894 659 2944 re.
685 2871 1001 2943 Christus
1035 2879 1276 2942 vestro
1306 2889 1479 2940 auro
1512 2889 1651 2939 non
1687 2875 1868 2958 eget,
1908 2887 2037 2936 nec
2074 2866 2330 2936 vestris
2373 2866 2708 2960 supersti-

564 2994 862 3069 tionibus
902 2994 1308 3067 delectatur:
1345 2991 1496 3085 puri
1539 3013 1620 3063 ac
1653 2988 1891 3061 mundi
1925 2986 2153 3060 cordis
2201 2996 2333 3072 est,
2373 2994 2705 3080 appetens

563 3121 833 3214 piorum
859 3128 1159 3202 actuum,
1197 3117 1650 3189 honestarum
1675 3112 2191 3206 cogitationum,
2235 3121 2308 3184 et
2343 3109 2707 3182 humilium

565 3213 1017 3316 voluntatum.
1059 3240 1230 3325 Quis
1255 3240 1433 3311 inter
1458 3239 1613 3310 haec
1663 3259 1833 3308 auro
1873 3237 2117 3307 locus?
2157 3235 2397 3320 Nolite,
2450 3235 2705 3319 miseri,

565 3388 833 3452 curate,
869 3387 1078 3459 quam
1122 3362 1425 3457 superbe
1463 3358 1893 3444 sacrificetis,
1938 3379 2147 3451 quam
2189 3366 2458 3437 ornate,
2500 3378 2710 3450 quam

567 3488 958 3583 splendide:
1002 3487 1128 3560 sed
1158 3509 1369 3581 quam
1396 3486 1532 3579 pie,
1577 3505 1789 3577 quam
1828 3480 2204 3565 humiliter,
2247 3502 2457 3574 quam
2499 3488 2708 3562 caste,

564 3636 776 3706 quam
803 3611 1052 3684 sobrie.
1071 3608 1463 3682 Sacrificate
1488 3607 1695 3702 quod,
1711 3603 2005 3700 diruptis
2034 3604 2349 3690 vinculis,
2368 3603 2711 3676 liberatori

568 3756 698 3808 suo
737 3757 867 3807 rex
907 3734 1241 3829 propheta
1284 3730 1647 3816 sacrificat,
1690 3728 1989 3801 hostiam
2052 3729 2309 3800 scilicet
2349 3727 2600 3813 laudiS,
2645 3738 2716 3799 et

438 3887 446 3895 ·
566 3880 815 3930 nomen
854 3857 1125 3929 Domini
1167 3858 1504 3928 invocate.
1574 3851 1990 3935 Sacrificate,
2062 3851 2374 3944 inquam,
2448 3849 2714 3923 sacrifi-

568 3976 750 4048 cium
787 3978 1037 4065 laudis,
1079 3977 1461 4051 sacrificate
1504 3973 1914 4049 sacrificium
1956 3973 2271 4056 iustitiae3
2314 3984 2385 4047 et
2437 3982 2711 4068 sperate

566 4100 802 4169 nonin
840 4121 1036 4185 auro,
1070 4102 1197 4173 sed
1237 4102 1308 4170 in
1347 4099 1659 4170 Domino,
1688 4096 1945 4169 Audite
1970 4097 2430 4182 Psalmistam,
2489 4096 2704 4180 surdi,

568 4218 816 4289 diebus
856 4241 936 4289 ac
970 4220 1289 4292 noctibus
1324 4223 1762 4292 clamantem:
1807 4217 2225 4312 Sacrificium
2254 4221 2403 4303 Deo,
2442 4221 2711 4312 spiritus
