3104 4805
665 392 765 439 LIV
1498 386 2023 438 PROLEGOMENON.

964 628 1190 683 INITIA
1250 627 1720 681 LITTERARUM

767 747 1207 789 inruant-:rico
1271 747 1499 788 oenum
1564 746 1899 787 nisnosiu

1157 868 1238 914 ET
1289 866 1530 914 NOMINA

794 969 969 1010 nonum
1001 970 1068 1009 an
1100 968 1231 1018 Quos
1263 968 1503 1007 ιιττειιις
1534 966 1698 1007 uissss
1730 966 1878 1007 sum.

2460 651 2627 701 ORDO
2669 652 3060 701 EPISTOLARU

2349 765 3065 809 „fd-‘⁶‘—

2535 878 2799 918 VENETA

2571 949 2659 979 um
2684 943 2785 980 «⁸⁰³.

507 1177 726 1231 Litterae
755 1183 863 1231 tuae
890 1176 1084 1248 plenae.
1152 1213 2213 1227 ...................
2559 1173 2618 1228 F.
2659 1174 2784 1230 105.

702 1247 771 1291 Ad
802 1246 1043 1291 iohannem
1074 1243 1390 1288 Anchisacum.

502 1328 721 1383 Litterae
747 1333 940 1381 vestrae
968 1330 1179 1379 cuncta.
1259 1363 2966 1380 .............................

700 1398 769 1441 Ad
799 1398 1000 1440 Azonem
1028 1395 1086 1439 de
1113 1392 1336 1449 Corrigia.

503 1478 735 1532 Litteras
762 1476 975 1548 pridem
1003 1480 1144 1529 tuas.
1204 1514 2210 1527 ..................

701 1548 769 1590 Ad
798 1543 1102 1590 'l'alarandum
1132 1542 1439 1588 cardinalem.

500 1628 733 1682 Litteras
758 1632 882 1681 tuas
908 1626 1093 1681 inclite
1118 1625 1202 1678 vir
1207 1665 2208 1679 ..................

702 1697 769 1741 Ad
801 1697 1008 1752 ugonem
1037 1697 1081 1740 S.
1111 1694 1320 1739 Severini
1348 1692 1594 1739 Comitem.

498 1780 732 1833 Litteras
759 1784 882 1833 tuas
909 1776 1302 1832 iucundissime
1328 1775 1555 1847 perlegi.
1618 1815 3026 1831 ........................

702 1848 771 1893 Ad
801 1849 1096 1892 Franciscum
1129 1847 1201 1892 Pr.
1232 1846 1307 1890 SS.
1338 1845 1681 1901 Apostolorum.

501 1930 736 1985 Litteras
762 1935 886 1984 tuas
912 1928 1285 1984 ornatissimas
1312 1932 1493 1998 atque.
1560 1966 1804 1979 .....
1838 1941 1850 1957 ·
1851 1967 2210 1981 .......

701 2000 770 2043 Λα
795 1998 1073 2043 Gulielmum
1100 1998 1158 2041 de
1190 1998 1454 2051 Pastrengo.

501 2079 734 2135 Litteras
761 2085 884 2133 tuas
912 2094 1129 2132 summa
1156 2082 1209 2130 et
1236 2082 1440 2130 sancta.
1499 2116 3031 2132 ..........................

702 2148 770 2194 Ad
799 2148 1077 2203 Stephanum
1104 2145 1391 2190 Columnam.

500 2229 706 2285 Littera
731 2235 909 2283 vestra
916 2264 3028 2282 ....................................

703 2298 770 2343 Ad
801 2298 1115 2354 Pandulphum
1141 2294 1444 2340 Malatestam.

501 2379 781 2435 Litterulae
809 2384 917 2434 tuae
945 2395 1033 2432 me
1140 2375 1441 2447 adraginta.
1499 2414 2206 2428 .............
2508 2374 2564 2428 S.
2606 2372 2700 2428 XI.
2741 2374 2828 2429 15.

701 2449 770 2493 Ad
799 2448 1056 2504 Philippum
1122 2447 1219 2491 ard.
1241 2446 1475 2490 sabinens.

501 2528 823 2582 Litterulam
850 2533 1002 2581 tuam
1028 2545 1140 2582 non
1168 2526 1491 2581 absimilem.
1555 2565 2204 2578 ............
2484 2526 2540 2579 S.
2583 2526 2730 2581 XIII.
2770 2527 2860 2582 18.

704 2598 772 2641 Ad
797 2597 1049 2650 Gasperum
1080 2598 1407 2641 veronensem.

503 2676 827 2731 Litterulam
854 2682 1007 2730 tuam
1035 2677 1353 2732 charissime
1380 2674 1559 2730 libens
1565 2716 2203 2729 ............
2505 2677 2562 2731 S.
2597 2678 2711 2731 XV.
2743 2677 2832 2732 13.

701 2746 768 2790 Ad
797 2746 1049 2801 Gasperurn
1082 2747 1417 2791 veronensem.

505 2826 1437 2943 Littemtlffinfflffimfigogglimlque'
1500 2867 1511 2879 .
1559 2868 1570 2878 .
1617 2866 1628 2878 .
1676 2872 1686 2879 .
1734 2867 1745 2877 .
1791 2867 2207 2880 ........
2504 2828 2560 2882 S.
2603 2828 2749 2883 XIII.
2789 2829 2843 2884 6.

505 2978 759 3049 Longaevi
788 2977 990 3033 silentii
1018 2980 1144 3033 mei.
1209 3017 3024 3034 ...............................

708 3048 776 3091 Ad
807 3048 1100 3094 Franclscum
1130 3050 1200 3094 Pr.
1230 3048 1308 3094 SS.
1337 3044 1680 3103 Apostolorum.

506 3128 728 3200 Loquor
754 3128 883 3200 quia
909 3145 1089 3201 cogor.
1153 3168 3029 3184 ................................

706 3199 773 3242 Ad
803 3199 1022 3253 ignotum.
1187 3215 1195 3223 ·

507 3277 636 3333 Lusi
665 3283 847 3333 tecum
875 3279 1066 3333 amice.
1148 3318 2208 3332 ...................
2548 3282 2603 3335 S.
2638 3281 2705 3334 X.
2745 3280 2799 3334 3.

709 3349 778 3392 Ad
806 3346 994 3392 Paulum
1026 3348 1261 3394 Bernnrdi.

2317 1664 3026 1682 ooooooooooooo

2547 1925 2674 1981 Var.
2714 1927 2776 1980 41
2789 1969 2801 1980 .

1311 3539 1363 3600 Μ

510 3729 773 3786 Maecenas
800 3737 929 3787 tuus
954 3734 1266 3805 Augustum
1273 3767 3030 3785 ..............................

712 3800 780 3843 Ad
810 3801 1059 3848 Zenohium
1093 3803 1419 3848 Florentinum.

512 3876 703 3931 Moesto
731 3896 793 3935 ac
817 3880 1136 3939 lacrimabili
1162 3901 1310 3940 casu.
1391 3916 3027 3935 ............................

710 3949 779 3991 An
808 3948 1106 3998 Lombardum
1137 3953 1194 3997 de
1224 3953 1392 3997 Series.

512 4024 767 4095 Magnam
794 4044 960 4100 parva
986 4050 1051 4087 ex
1078 4034 1323 4106 epistola.
1387 4071 2209 4086 ...............
2503 4026 2558 4080 S.
2598 4022 2743 4077 VIII.
2786 4024 2838 4078 7.

709 4097 777 4142 Ad
806 4098 1071 4148 federicum
1101 4106 1351 4148 Aretlnum.

513 4175 765 4246 Mag-nam
794 4182 902 4236 tuis
931 4182 1263 4254 uberemque
1271 4221 2208 4237 .................
2371 4175 2425 4228 S.
2459 4175 2574 4230 XV.
2605 4174 2657 4229 6.
2690 4175 2746 4230 S.
2779 4174 2841 4231 T.
2873 4174 2963 4232 22.

711 4250 780 4294 Ad
810 4250 882 4295 Fr.
913 4251 1193 4297 Ludovicum
1220 4251 1486 4297 Mamilium.
