3104 4805
913 381 1100 431 tun-:n
1140 382 1451 441 QUARTUS.
1474 382 1879 431 —ssrlsrom
1920 383 1960 429 1.
2390 366 2503 429 201

359 524 597 598 audito
638 524 1015 616 Evangelio
1053 524 1173 596 ubi
1213 525 1546 619 scriptum
1588 533 1723 611 est,
1765 527 1827 595 si
1864 524 1964 595 vis
1994 525 2319 617 perfectus
2357 547 2508 608 esse,

356 647 524 720 vade
563 660 626 718 et
666 646 875 717 vende
915 651 1140 719 omnia
1179 661 1293 719 lua
1330 671 1748 739 quaecumque
1788 650 2005 731 habes,
2048 658 2108 716 et
2147 646 2233 718 da
2263 672 2517 742 paupe-

355 775 557 858 ribus,
599 783 663 842 et
703 773 888 856 veni,
930 795 1194 865 sequere
1232 795 1354 857 me,
1401 783 1461 841 et
1494 773 1755 841 habebis
1797 772 2172 840 thesaurum
2207 772 2279 839 in
2314 775 2512 857 coelis,

358 896 571 970 veluti
597 905 877 989 propter
903 917 979 966 se
1007 894 1162 967 haec
1185 905 1373 967 esset
1401 895 1743 988 scriptura
1769 896 2057 966 recitata
2086 893 2186 988 (ut
2221 897 2514 989 scriptor

360 1043 591 1092 rerum
617 1019 770 1090 eius
804 1018 1230 1090 Athanasius
1271 1017 1411 1112 ait),
1453 1041 1529 1090 se
1564 1018 1653 1091 ad
1686 1017 2108 1091 dominicum
2146 1017 2356 1088 traxit
2388 1017 2518 1087 im-

359 1144 648 1238 perium.
690 1144 778 1214 Et
819 1143 997 1214 sicut
1037 1142 1396 1227 Antonius,
1441 1139 1549 1211 his
1586 1141 1861 1223 auditiS,
1916 1141 2105 1211 aliud
2146 1162 2283 1211 non
2323 1161 2515 1233 quae-

363 1266 544 1351 sivit,
590 1277 660 1336 et
709 1266 888 1337 sicut
934 1265 1387 1356 AugustinuS,
1442 1265 1552 1335 his
1604 1263 1817 1347 lectis,
1864 1265 2154 1335 ulterius
2189 1286 2327 1336 non
2361 1284 2520 1355 pro—

361 1389 615 1472 cessit;
659 1389 758 1460 sic
798 1398 868 1458 et
910 1387 1076 1458 mihi
1118 1387 1188 1456 in
1221 1388 1461 1482 paucis
1497 1387 1730 1458 verbis
1766 1408 1926 1479 quae
1949 1386 2275 1481 praemisi,
2307 1385 2520 1456 totius

361 1510 671 1582 lectionis
707 1512 1045 1583 terminus
1078 1512 1229 1596 fuit,
1268 1512 1338 1582 in
1374 1511 1643 1583 silentio
1671 1511 2018 1602 cogitanti,
2050 1518 2309 1602 quanta
2338 1530 2534 1579 mor-.

364 1631 613 1703 talibus
654 1634 922 1705 consilii
959 1645 1151 1706 esset
1189 1635 1461 1731 inopia;
1512 1655 1652 1727 qua
1702 1631 2133 1704 nobilissima
2175 1631 2285 1702 sui
2327 1640 2522 1724 parte

361 1757 688 1846 neglecta,
730 1756 1205 1829 diffundantur
1238 1758 1307 1828 in
1342 1757 1662 1850 plurima,
1700 1764 1772 1828 et
1805 1756 1871 1825 in
1900 1755 2219 1826 inanibus
2250 1764 2523 1847 specta-

362 1877 533 1948 culis
572 1890 1012 1963 evanescant,
1055 1880 1243 1972 quod
1283 1879 1468 1950 intus
1509 1878 1807 1950 inveniri
1833 1887 2102 1971 poterat
2127 1887 2521 1970 quaerentes

360 2000 828 2084 extrinsecus3
865 2001 1370 2094 admirantique
1405 2001 1831 2073 nobilitatem
1868 2000 2073 2072 animi
2108 1998 2347 2082 nostri,
2386 2000 2520 2070 nisi

362 2135 602 2219 sponte
643 2124 1102 2216 degenerans,
1134 2125 1224 2196 ab
1246 2124 1532 2216 originis
1576 2148 1728 2196 suae
1767 2124 2160 2220 primordiis
2201 2121 2522 2194 aberras-

363 2260 487 2335 set,
533 2259 604 2320 et
642 2271 803 2339 quae
848 2248 980 2319 sibi
1021 2249 1307 2320 dederat
1346 2249 1415 2319 in
1454 2248 1784 2320 honorem
1827 2250 2045 2330 Deus,
2091 2247 2240 2340 ipse
2282 2247 2354 2315 in
2395 2269 2519 2339 op-

360 2371 713 2466 probrium
755 2371 1233 2445 convertisset.
1277 2371 1608 2455 Quotiens
1661 2383 1863 2468 putas
1916 2372 2028 2443 illo
2079 2371 2193 2443 die
2244 2368 2519 2444 rediens

360 2497 540 2567 etin
582 2506 855 2587 tergum
913 2516 1190 2579 versuS,
1254 2518 1587 2568 cacumen
1621 2495 1873 2567 montis
1925 2494 2199 2590 aspexi,
2258 2504 2331 2566 et
2395 2495 2523 2565 vix

358 2618 570 2689 unius
613 2617 820 2689 cubiti
861 2618 1150 2691 altitudo
1190 2619 1345 2690 visa
1378 2630 1503 2704 est,
1541 2640 1688 2713 prae
1713 2618 2072 2690 altitudine
2097 2621 2519 2710 contempla-

363 2740 568 2812 tionis
609 2741 959 2817 humanae;
1007 2741 1065 2811 si
1101 2742 1259 2834 quis
1302 2764 1458 2813 eam
1498 2762 1635 2812 non
1679 2741 1749 2811 in
1790 2743 2009 2812 lutum
2054 2751 2352 2812 terrenae
2395 2742 2520 2810 foe-

362 2862 596 2934 ditatis
646 2864 1109 2955 immergeret.
1162 2864 1338 2936 Illud
1387 2888 1667 2958 quoque
1716 2887 1840 2960 per
1892 2864 2204 2956 singulos
2264 2884 2519 2955 passus

363 2986 816 3059 occurrebat:
870 2987 940 3056 Si
993 2997 1255 3059 tantum
1310 2988 1588 3060 sudoris
1652 3009 1733 3058 ac
1798 2985 2085 3071 laboriS,
2143 2996 2216 3056 ut
2265 3008 2519 3078 corpus

362 3110 535 3180 coelo
565 3111 919 3202 paululum
961 3110 1355 3203 proximum
1393 3109 1608 3193 fieret,
1646 3108 1881 3179 subire
1913 3131 2051 3179 non
2084 3107 2322 3203 piguit,
2359 3129 2519 3200 quae

361 3251 562 3314 crux,
591 3230 749 3323 quis
782 3254 1046 3316 carcer,
1083 3232 1242 3324 quis
1276 3234 1561 3305 aculeus
1594 3230 1883 3302 deberet
1917 3243 2177 3301 terrere
2212 3231 2525 3300 animum

366 3352 1025 3445 appropinquantem
1067 3355 1240 3439 Deo,
1295 3352 1792 3444 turgidumque
1840 3374 2172 3423 cacumen
2221 3350 2521 3421 insolen-

367 3474 481 3543 tiae
522 3484 593 3544 et
640 3476 951 3547 mortalia
1002 3478 1143 3547 fata
1192 3478 1615 3549 calcantem?
1655 3477 1743 3545 Et
1792 3476 1950 3547 hoc:
2003 3475 2228 3558 Quoto
2268 3471 2519 3563 cuique

368 3595 648 3682 accidet,
712 3609 788 3668 ut
836 3597 928 3669 ab
977 3599 1109 3671 hac
1161 3598 1408 3671 semita
1457 3599 1571 3667 vel
1630 3597 1964 3668 durarum
2033 3606 2223 3664 metu
2286 3613 2518 3662 rerum

364 3721 478 3790 vel
517 3721 824 3792 mollium
861 3722 1183 3816 cupidine
1225 3745 1363 3794 non
1401 3720 1762 3792 divertat?
1801 3720 1857 3790 Ο
1899 3716 2185 3788 nimium
2220 3713 2417 3783 felix!
2461 3711 2520 3781 si

365 3842 524 3933 quis
565 3865 859 3936 usquam
902 3856 1032 3917 est.
1075 3848 1176 3917 De
1214 3846 1329 3917 illo
1371 3846 1679 3917 sensisse
1718 3843 2013 3916 arbitror
2054 3849 2323 3933 poetam
2356 3862 2370 3905 ε

686 4031 854 4093 Felix
887 4034 992 4110 qui
1027 4033 1226 4113 potuit
1259 4048 1471 4095 rerum
1505 4047 1871 4109 cognoscere
1904 4044 2144 4104 causas;

684 4131 882 4207 Atque
916 4138 1119 4194 metus
1149 4132 1396 4207 mortis,
1432 4137 1492 4192 et
1527 4128 1904 4192 inexorabile
1938 4128 2129 4190 fatum

684 4227 952 4291 subiecit
982 4229 1260 4310 pedibus,
1298 4232 1746 4311 strepitumque
1779 4227 2133 4293 Acherontis
2165 4225 2355 4291 avari.
