3104 4805
992 374 1179 423 mal-:n
1221 375 1633 433 omarus—
1658 375 1961 424 EPISTOLA
2004 377 2042 423 1.
2500 365 2614 427 199

461 520 663 591 aliam
707 517 967 589 habere
1007 518 1373 602 rebellem,
1416 527 1487 589 et
1525 520 1977 590 reluctantem
2020 517 2177 590 sibi:
2221 520 2400 592 inter
2440 544 2617 614 quas

460 642 862 715 iamdudum
908 641 977 710 in
1015 641 1281 734 campis
1330 641 1825 733 cogitationum
1874 663 2189 714 mearum
2229 644 2318 716 de
2358 645 2619 718 utrius-

458 788 624 859 que*
660 764 957 837 hominis
1024 764 1312 858 imperio
1377 763 1925 836 laboriosissima
1971 776 2044 834 et
2091 786 2348 859 anceps
2408 769 2616 840 etiam

461 910 645 959 nunc
707 908 944 981 pugna
1011 886 1419 958 conseritur.
1486 887 1599 958 Sic
1648 910 1773 982 per
1821 897 2148 960 exactum
2206 887 2616 960 decennium

460 1010 876 1103 cogitatione
915 1008 1266 1081 volvebar.
1312 1010 1484 1082 Hinc
1524 1011 1659 1082 iam
1699 1033 1904 1083 curas
1947 1033 2137 1083 meas
2175 1011 2243 1081 in
2277 1012 2621 1085 anteriora

460 1133 839 1217 mittebam,
884 1142 955 1203 et
994 1132 1399 1224 quaerebam
1440 1155 1536 1204 ex
1576 1155 1686 1204 me
1727 1135 1921 1226 ipse:
1967 1133 2027 1206 si
2070 1134 2193 1204 tibi
2233 1135 2408 1205 forte
2459 1156 2622 1206 con-

461 1258 758 1350 tingeret
797 1278 920 1348 per
960 1256 1092 1328 alia
1133 1254 1273 1327 duo
1315 1260 1535 1328 lustra
1574 1255 1926 1328 volatilem
1966 1255 2148 1327 hanc
2197 1256 2417 1328 vitam
2467 1277 2621 1349 per-

460 1380 739 1463 ducere,
785 1389 1189 1471 tantumque
1224 1402 1350 1473 pro
1385 1389 1535 1450 rata
1570 1380 1899 1472 temporis
1935 1378 2027 1451 ad
2059 1377 2390 1451 virtutem
2425 1400 2620 1449 acce·

459 1500 657 1585 dere,
685 1510 1024 1594 quantum
1049 1500 1181 1572 hoc
1207 1501 1502 1585 biennio,
1531 1524 1653 1597 per
1670 1523 2129 1593 congressum
2156 1521 2360 1572 novae
2383 1511 2622 1573 contra

463 1634 772 1697 veterem
817 1625 1219 1728 voluntatiS‚
1263 1625 1354 1697 ab
1401 1625 1861 1697 obstinatione
1899 1624 2190 1719 pristina
2234 1624 2617 1710 recessisti,

462 1768 690 1818 nonne
741 1758 905 1819 tunc
944 1769 1216 1841 posse&
1261 1750 1396 1819 etsi
1437 1771 1575 1820 non
1616 1758 1871 1834 certuS‚
1910 1757 1984 1819 at
2017 1750 2265 1820 saltem
2301 1767 2614 1842 speranS,

461 1870 999 1963 quadragesimo
1060 1871 1286 1943 aetatis
1355 1893 1537 1943 anno
1589 1880 1879 1943 mortem
1924 1880 2280 1965 oppetere,
2333 1879 2407 1941 et
2456 1869 2622 1942 illud

465 1997 822 2070 residuum
862 1997 1030 2069 vitae
1071 1997 1139 2067 in
1184 1997 1460 2068 senium
1501 1995 1822 2067 abeuntis
1873 2017 2078 2089 aequa
2127 2004 2359 2066 mente
2409 1995 2624 2086 negli-

462 2124 671 2210 gere?
695 2121 864 2191 Haec
890 2130 1102 2212 alque
1126 2119 1236 2190 his
1270 2119 1530 2190 similes
1565 2119 2016 2210 cogitationes
2052 2120 2122 2190 in
2156 2130 2435 2212 pectore
2468 2139 2624 2190 meo

462 2243 936 2327 recursabant,
969 2253 1186 2335 pater.
1224 2245 1322 2314 De
1360 2256 1691 2336 provectu
1727 2265 1881 2313 meo
1916 2242 2335 2334 gaudebam,
2373 2244 2624 2336 imper-

461 2365 714 2438 fectum
757 2388 988 2438 meum
1034 2366 1311 2451 flebam,
1347 2376 1418 2438 et
1450 2364 1980 2438 mutabilitatem
2014 2388 2450 2439 communem
2493 2363 2624 2436 hu-

464 2512 824 2562 manorum
864 2501 1149 2563 actuum
1190 2490 1597 2572 miserebar;
1637 2500 1708 2562 et
1746 2512 1954 2584 quem
1997 2490 2066 2562 in
2106 2494 2366 2576 locum,
2413 2513 2622 2583 quam

462 2611 555 2683 ob
592 2634 873 2685 causam
912 2615 1266 2687 venissem
1311 2614 1824 2707 quodammodo
1859 2613 2148 2688 videbar
2180 2613 2465 2699 oblitus,
2502 2612 2621 2684 do·

465 2757 608 2820 nec,
650 2735 927 2808 omissis
967 2736 1183 2821 curiS,
1226 2736 1481 2829 quibus
1523 2738 1697 2808 alter
1736 2740 1927 2809 locus
1967 2747 2163 2808 esset
2199 2738 2620 2831 oportunior,

465 2858 908 2951 respicerem,
943 2869 1018 2930 et
1044 2860 1356 2945 viderem
1379 2881 1544 2953 quae
1572 2861 1854 2932 visurus
1881 2859 2326 2932 adveneram.
2355 2861 2626 2931 Instare

351 3062 358 3073 ‚
461 2981 646 3052 enim
683 2991 955 3075 tempus
993 2980 1322 3066 abeundi,
1353 2983 1544 3075 quod
1574 2981 1934 3054 inclinaret
1958 2981 2094 3054 iam
2123 2984 2252 3065 sol,
2282 2991 2354 3053 et
2380 2981 2622 3053 umbra

463 3106 719 3176 montis
770 3116 1231 3187 excresceret,
1269 3105 1688 3191 admonituS,
1732 3115 1804 3178 et
1843 3107 2033 3178 velut
2064 3107 2621 3201 expergefactus,

464 3239 662 3300 verto
702 3251 814 3299 me
861 3228 932 3298 in
985 3237 1263 3321 tergum
1315 3230 1407 3302 ad
1455 3229 1885 3301 occidentem
1936 3230 2335 3323 respiciens.
2388 3229 2624 3300 Limes

466 3349 579 3423 ille
623 3351 998 3424 Galliarum
1045 3361 1117 3424 et
1161 3328 1531 3448 Hispania-3,
1574 3355 1953 3449 Pyrenaeus
1995 3364 2246 3424 vertex
2285 3350 2448 3423 inde
2486 3371 2625 3420 non

464 3473 1087 3555 cernitur;·nullius
1123 3497 1331 3568 quem
1369 3473 1580 3546 sciam
1614 3474 1831 3546 obicis
1866 3473 2285 3557 interventu,
2324 3471 2447 3543 sed
2480 3473 2627 3542 sola

464 3596 831 3689 fragilitate
867 3598 1175 3670 mortalis
1202 3599 1425 3669 visus.
1462 3597 1953 3688 Lugdunensis
1988 3606 2218 3666 autem
2253 3592 2628 3687 provinciae

465 3733 735 3792 montes
761 3721 1270 3827 adldexteram,
1299 3721 1391 3794 ad
1417 3723 1667 3792 laevam
1703 3740 1873 3793 vero
1905 3717 2239 3790 Massiliae
2263 3719 2528 3800 fretum,
2557 3728 2630 3787 et

467 3843 657 3934 quod
719 3842 960 3936 Aquas
1012 3846 1323 3915 Mortuas
1374 3843 1721 3926 verberat,
1773 3842 2034 3934 aliquot
2081 3839 2353 3911 dierum
2403 3836 2626 3931 spatio

468 3964 796 4038 distantia
835 3967 1363 4062 praeclarissime
1403 3968 1839 4040 videbantur.
1882 3963 2259 4037 Rhodanus
2299 3962 2450 4056 ipse
2490 3959 2626 4033 sub

465 4090 686 4160 oculis
728 4091 987 4161 nostris
1025 4100 1198 4162 erat.
1241 4092 1415 4176 Quae
1455 4092 1625 4163 dum
1667 4090 1958 4162 mirarer
1999 4088 2291 4179 singula,
2333 4095 2404 4157 et
2443 4106 2627 4156 nunc

473 4223 823 4285 terrenum
864 4213 1127 4306 aliquid
1170 4236 1520 4308 saperem,
1567 4236 1752 4286 nunc
1783 4214 2106 4306 exemplo
2136 4207 2446 4303 corporis
2480 4205 2626 4276 ani-
