<?xml version="1.0" encoding="UTF-8"?>
<!DOCTYPE html PUBLIC "-//W3C//DTD XHTML 1.0 Transitional//EN"
    "http://www.w3.org/TR/xhtml1/DTD/xhtml1-transitional.dtd">
<html xmlns="http://www.w3.org/1999/xhtml" xml:lang="en" lang="en">
 <head>
  <title>
</title>
<meta http-equiv="Content-Type" content="text/html;charset=utf-8" />
  <meta name='ocr-system' content='tesseract 3.04.00' />
  <meta name='ocr-capabilities' content='ocr_page ocr_carea ocr_par ocr_line ocrx_word'/>
</head>
<body>
  <div class='ocr_page' id='page_1' title='image "./epistolaederebu00unkngoog_0396.png"; bbox 0 0 3104 4805; ppageno 0'>
   <div class='ocr_carea' id='block_1_1' title="bbox 596 332 2079 394">
    <p class='ocr_par' dir='ltr' id='par_1_1' title="bbox 596 332 2079 394">
     <span class='ocr_line' id='line_1_1' title="bbox 596 332 2079 394; baseline -0.001 0"><span class='ocrx_word' id='word_1_1' title='bbox 596 332 712 394; x_wconf 72' lang='lat'>228</span> <span class='ocrx_word' id='word_1_2' title='bbox 1268 344 1350 392; x_wconf 79' lang='lat' dir='ltr'>m:</span> <span class='ocrx_word' id='word_1_3' title='bbox 1394 343 1594 392; x_wconf 70' lang='lat' dir='ltr'>annus</span> <span class='ocrx_word' id='word_1_4' title='bbox 1638 333 2079 394; x_wconf 72' lang='lat' dir='ltr'>rAmmAmnus</span> 
     </span>
    </p>
   </div>
   <div class='ocr_carea' id='block_1_2' title="bbox 571 491 2746 4274">
    <p class='ocr_par' dir='ltr' id='par_1_2' title="bbox 571 491 2746 4274">
     <span class='ocr_line' id='line_1_2' title="bbox 591 491 2746 590; baseline -0.001 -24"><span class='ocrx_word' id='word_1_5' title='bbox 591 496 869 590; x_wconf 89' lang='lat' dir='ltr'>poterit,</span> <span class='ocrx_word' id='word_1_6' title='bbox 926 494 1058 566; x_wconf 92' lang='lat' dir='ltr'>nisi</span> <span class='ocrx_word' id='word_1_7' title='bbox 1108 493 1227 586; x_wconf 91' lang='lat' dir='ltr'>qui</span> <span class='ocrx_word' id='word_1_8' title='bbox 1279 515 1569 565; x_wconf 91' lang='lat' dir='ltr'>casuum</span> <span class='ocrx_word' id='word_1_9' title='bbox 1622 491 2082 563; x_wconf 88' lang='lat' dir='ltr'>humanorum</span> <span class='ocrx_word' id='word_1_10' title='bbox 2134 493 2415 564; x_wconf 93' lang='lat' dir='ltr'>omnino</span> <span class='ocrx_word' id='word_1_11' title='bbox 2464 493 2746 564; x_wconf 88' lang='lat' dir='ltr'>nescius</span> 
     </span>
     <span class='ocr_line' id='line_1_3' title="bbox 588 615 2744 709; baseline 0 -22"><span class='ocrx_word' id='word_1_12' title='bbox 588 619 880 689; x_wconf 89' lang='lat' dir='ltr'>fortunae</span> <span class='ocrx_word' id='word_1_13' title='bbox 922 617 1063 689; x_wconf 86' lang='lat' dir='ltr'>vim</span> <span class='ocrx_word' id='word_1_14' title='bbox 1105 623 1313 709; x_wconf 86' lang='lat' dir='ltr'>atque</span> <span class='ocrx_word' id='word_1_15' title='bbox 1364 615 1890 687; x_wconf 85' lang='lat' dir='ltr'>inconstantiam</span> <span class='ocrx_word' id='word_1_16' title='bbox 1942 636 2079 686; x_wconf 93' lang='lat' dir='ltr'>non</span> <span class='ocrx_word' id='word_1_17' title='bbox 2131 615 2469 687; x_wconf 80' lang='lat' dir='ltr'>attendit?</span> <span class='ocrx_word' id='word_1_18' title='bbox 2518 618 2615 687; x_wconf 88' lang='lat' dir='ltr'>De</span> <span class='ocrx_word' id='word_1_19' title='bbox 2667 638 2744 687; x_wconf 90' lang='lat' dir='ltr'>se</span> 
     </span>
     <span class='ocr_line' id='line_1_4' title="bbox 586 737 2743 831; baseline -0.001 -21"><span class='ocrx_word' id='word_1_20' title='bbox 586 740 701 810; x_wconf 90' lang='lat' dir='ltr'>alii</span> <span class='ocrx_word' id='word_1_21' title='bbox 739 739 1058 811; x_wconf 88' lang='lat' dir='ltr'>viderint.</span> <span class='ocrx_word' id='word_1_22' title='bbox 1112 741 1264 831; x_wconf 83' lang='lat' dir='ltr'>Ego</span> <span class='ocrx_word' id='word_1_23' title='bbox 1313 737 1614 831; x_wconf 92' lang='lat' dir='ltr'>quidem,</span> <span class='ocrx_word' id='word_1_24' title='bbox 1668 759 1761 808; x_wconf 85' lang='lat' dir='ltr'>ex</span> <span class='ocrx_word' id='word_1_25' title='bbox 1811 758 1951 829; x_wconf 91' lang='lat' dir='ltr'>quo</span> <span class='ocrx_word' id='word_1_26' title='bbox 2000 737 2112 808; x_wconf 90' lang='lat' dir='ltr'>hic</span> <span class='ocrx_word' id='word_1_27' title='bbox 2155 760 2343 823; x_wconf 93' lang='lat' dir='ltr'>sum,</span> <span class='ocrx_word' id='word_1_28' title='bbox 2387 760 2743 830; x_wconf 90' lang='lat' dir='ltr'>nunquam</span> 
     </span>
     <span class='ocr_line' id='line_1_5' title="bbox 586 860 2743 954; baseline -0.002 -21"><span class='ocrx_word' id='word_1_29' title='bbox 586 883 894 934; x_wconf 91' lang='lat' dir='ltr'>meorum</span> <span class='ocrx_word' id='word_1_30' title='bbox 963 863 1229 934; x_wconf 83' lang='lat' dir='ltr'>litteras</span> <span class='ocrx_word' id='word_1_31' title='bbox 1295 860 1430 933; x_wconf 91' lang='lat' dir='ltr'>nisi</span> <span class='ocrx_word' id='word_1_32' title='bbox 1496 872 1802 932; x_wconf 90' lang='lat' dir='ltr'>tremens</span> <span class='ocrx_word' id='word_1_33' title='bbox 1867 869 1938 931; x_wconf 93' lang='lat' dir='ltr'>et</span> <span class='ocrx_word' id='word_1_34' title='bbox 2000 860 2299 954; x_wconf 88' lang='lat' dir='ltr'>pallidus</span> <span class='ocrx_word' id='word_1_35' title='bbox 2352 860 2603 952; x_wconf 86' lang='lat' dir='ltr'>accepi.</span> <span class='ocrx_word' id='word_1_36' title='bbox 2655 861 2743 929; x_wconf 91' lang='lat' dir='ltr'>Et</span> 
     </span>
     <span class='ocr_line' id='line_1_6' title="bbox 583 967 2744 1079; baseline -0.002 -23"><span class='ocrx_word' id='word_1_37' title='bbox 583 993 950 1079; x_wconf 83' lang='lat' dir='ltr'><strong>postquam</strong></span> <span class='ocrx_word' id='word_1_38' title='bbox 990 1005 1232 1056; x_wconf 89' lang='lat' dir='ltr'>omnes</span> <span class='ocrx_word' id='word_1_39' title='bbox 1271 983 1450 1055; x_wconf 90' lang='lat' dir='ltr'>bene</span> <span class='ocrx_word' id='word_1_40' title='bbox 1492 967 1726 1056; x_wconf 84' lang='lat' dir='ltr'>valere</span> <span class='ocrx_word' id='word_1_41' title='bbox 1764 984 2153 1055; x_wconf 91' lang='lat' dir='ltr'>nuntiatum</span> <span class='ocrx_word' id='word_1_42' title='bbox 2188 993 2322 1066; x_wconf 90' lang='lat' dir='ltr'>est,</span> <span class='ocrx_word' id='word_1_43' title='bbox 2362 982 2588 1055; x_wconf 90' lang='lat' dir='ltr'>adhuc</span> <span class='ocrx_word' id='word_1_44' title='bbox 2619 1004 2744 1053; x_wconf 91' lang='lat' dir='ltr'>cu-</span> 
     </span>
     <span class='ocr_line' id='line_1_7' title="bbox 584 1102 2741 1188; baseline -0.001 -13"><span class='ocrx_word' id='word_1_45' title='bbox 584 1104 681 1176; x_wconf 91' lang='lat' dir='ltr'>ris</span> <span class='ocrx_word' id='word_1_46' title='bbox 717 1126 854 1176; x_wconf 92' lang='lat' dir='ltr'>non</span> <span class='ocrx_word' id='word_1_47' title='bbox 887 1125 1249 1176; x_wconf 82' lang='lat' dir='ltr'>exoneror.</span> <span class='ocrx_word' id='word_1_48' title='bbox 1291 1103 1461 1187; x_wconf 91' lang='lat' dir='ltr'>Quis</span> <span class='ocrx_word' id='word_1_49' title='bbox 1504 1104 1688 1176; x_wconf 93' lang='lat' dir='ltr'>enim</span> <span class='ocrx_word' id='word_1_50' title='bbox 1734 1126 1845 1175; x_wconf 90' lang='lat' dir='ltr'>me</span> <span class='ocrx_word' id='word_1_51' title='bbox 1884 1114 2149 1176; x_wconf 89' lang='lat' dir='ltr'>certum</span> <span class='ocrx_word' id='word_1_52' title='bbox 2185 1103 2365 1188; x_wconf 88' lang='lat' dir='ltr'>facit,</span> <span class='ocrx_word' id='word_1_53' title='bbox 2412 1125 2525 1188; x_wconf 91' lang='lat' dir='ltr'>ne,</span> <span class='ocrx_word' id='word_1_54' title='bbox 2568 1102 2741 1174; x_wconf 90' lang='lat' dir='ltr'>dum</span> 
     </span>
     <span class='ocr_line' id='line_1_8' title="bbox 582 1225 2743 1323; baseline -0.002 -24"><span class='ocrx_word' id='word_1_55' title='bbox 582 1250 705 1323; x_wconf 86' lang='lat' dir='ltr'>per</span> <span class='ocrx_word' id='word_1_56' title='bbox 744 1227 956 1322; x_wconf 81' lang='lat' dir='ltr'>Alpes</span> <span class='ocrx_word' id='word_1_57' title='bbox 1004 1249 1087 1299; x_wconf 92' lang='lat' dir='ltr'>ac</span> <span class='ocrx_word' id='word_1_58' title='bbox 1139 1229 1356 1299; x_wconf 88' lang='lat' dir='ltr'>maria</span> <span class='ocrx_word' id='word_1_59' title='bbox 1408 1227 1499 1300; x_wconf 92' lang='lat' dir='ltr'>ad</span> <span class='ocrx_word' id='word_1_60' title='bbox 1548 1249 1796 1297; x_wconf 90' lang='lat' dir='ltr'>manus</span> <span class='ocrx_word' id='word_1_61' title='bbox 1843 1247 2043 1298; x_wconf 88' lang='lat' dir='ltr'>meas</span> <span class='ocrx_word' id='word_1_62' title='bbox 2097 1225 2347 1322; x_wconf 82' lang='lat' dir='ltr'>scripta</span> <span class='ocrx_word' id='word_1_63' title='bbox 2397 1245 2743 1321; x_wconf 89' lang='lat' dir='ltr'>pervene-</span> 
     </span>
     <span class='ocr_line' id='line_1_9' title="bbox 583 1348 2740 1445; baseline -0.002 -22"><span class='ocrx_word' id='word_1_64' title='bbox 583 1352 747 1438; x_wconf 85' lang='lat' dir='ltr'>rint,</span> <span class='ocrx_word' id='word_1_65' title='bbox 792 1352 1053 1445; x_wconf 92' lang='lat' dir='ltr'>aliquid</span> <span class='ocrx_word' id='word_1_66' title='bbox 1088 1354 1319 1423; x_wconf 83' lang='lat' dir='ltr'>forsan</span> <span class='ocrx_word' id='word_1_67' title='bbox 1360 1350 1677 1422; x_wconf 89' lang='lat' dir='ltr'>inciderit</span> <span class='ocrx_word' id='word_1_68' title='bbox 1710 1349 2022 1436; x_wconf 86' lang='lat' dir='ltr'>adversi,</span> <span class='ocrx_word' id='word_1_69' title='bbox 2060 1350 2247 1443; x_wconf 89' lang='lat' dir='ltr'>quod</span> <span class='ocrx_word' id='word_1_70' title='bbox 2281 1349 2353 1419; x_wconf 91' lang='lat' dir='ltr'>in</span> <span class='ocrx_word' id='word_1_71' title='bbox 2386 1348 2525 1419; x_wconf 89' lang='lat' dir='ltr'>ictu</span> <span class='ocrx_word' id='word_1_72' title='bbox 2560 1350 2740 1419; x_wconf 89' lang='lat' dir='ltr'>oculi</span> 
     </span>
     <span class='ocr_line' id='line_1_10' title="bbox 581 1472 2734 1568; baseline -0.002 -23"><span class='ocrx_word' id='word_1_73' title='bbox 581 1473 733 1547; x_wconf 88' lang='lat' dir='ltr'>fieri</span> <span class='ocrx_word' id='word_1_74' title='bbox 783 1476 960 1547; x_wconf 92' lang='lat' dir='ltr'>solet</span> <span class='ocrx_word' id='word_1_75' title='bbox 980 1477 1016 1544; x_wconf 73' lang='grc' dir='ltr'>ἱ)</span> <span class='ocrx_word' id='word_1_76' title='bbox 1061 1476 1201 1547; x_wconf 90' lang='lat' dir='ltr'>Nec</span> <span class='ocrx_word' id='word_1_77' title='bbox 1250 1473 1535 1567; x_wconf 90' lang='lat' dir='ltr'>pudebit</span> <span class='ocrx_word' id='word_1_78' title='bbox 1585 1473 1771 1568; x_wconf 88' lang='lat' dir='ltr'>apud</span> <span class='ocrx_word' id='word_1_79' title='bbox 1822 1482 1889 1543; x_wconf 89' lang='lat' dir='ltr'>te</span> <span class='ocrx_word' id='word_1_80' title='bbox 1940 1472 2362 1545; x_wconf 85' lang='lat' dir='ltr'>familiariter</span> <span class='ocrx_word' id='word_1_81' title='bbox 2426 1472 2734 1564; x_wconf 80' lang='lat' dir='ltr'>gloriari,</span> 
     </span>
     <span class='ocr_line' id='line_1_11' title="bbox 582 1595 2740 1694; baseline -0.001 -24"><span class='ocrx_word' id='word_1_82' title='bbox 582 1600 871 1670; x_wconf 88' lang='lat' dir='ltr'>multum</span> <span class='ocrx_word' id='word_1_83' title='bbox 913 1621 1025 1670; x_wconf 92' lang='lat' dir='ltr'>me</span> <span class='ocrx_word' id='word_1_84' title='bbox 1065 1599 1136 1669; x_wconf 93' lang='lat' dir='ltr'>in</span> <span class='ocrx_word' id='word_1_85' title='bbox 1175 1599 1307 1670; x_wconf 93' lang='lat' dir='ltr'>hoc</span> <span class='ocrx_word' id='word_1_86' title='bbox 1348 1596 1682 1694; x_wconf 87' lang='lat' dir='ltr'>temporis</span> <span class='ocrx_word' id='word_1_87' title='bbox 1724 1619 1806 1669; x_wconf 91' lang='lat' dir='ltr'>ac</span> <span class='ocrx_word' id='word_1_88' title='bbox 1850 1595 2057 1667; x_wconf 90' lang='lat' dir='ltr'>studii</span> <span class='ocrx_word' id='word_1_89' title='bbox 2109 1597 2455 1689; x_wconf 81' lang='lat' dir='ltr'>posuisse,</span> <span class='ocrx_word' id='word_1_90' title='bbox 2502 1606 2578 1668; x_wconf 93' lang='lat' dir='ltr'>ut</span> <span class='ocrx_word' id='word_1_91' title='bbox 2617 1596 2740 1668; x_wconf 89' lang='lat' dir='ltr'>ad—</span> 
     </span>
     <span class='ocr_line' id='line_1_12' title="bbox 578 1720 2739 1818; baseline -0.002 -26"><span class='ocrx_word' id='word_1_92' title='bbox 578 1744 831 1794; x_wconf 90' lang='lat' dir='ltr'>versus</span> <span class='ocrx_word' id='word_1_93' title='bbox 873 1723 1264 1818; x_wconf 89' lang='lat' dir='ltr'>repentinos</span> <span class='ocrx_word' id='word_1_94' title='bbox 1305 1743 1516 1793; x_wconf 91' lang='lat' dir='ltr'>casus</span> <span class='ocrx_word' id='word_1_95' title='bbox 1559 1729 1903 1793; x_wconf 88' lang='lat' dir='ltr'>armatum</span> <span class='ocrx_word' id='word_1_96' title='bbox 1954 1742 2036 1790; x_wconf 93' lang='lat' dir='ltr'>ac</span> <span class='ocrx_word' id='word_1_97' title='bbox 2086 1729 2550 1812; x_wconf 76' lang='lat' dir='ltr'>praeparatum</span> <span class='ocrx_word' id='word_1_98' title='bbox 2591 1720 2739 1790; x_wconf 91' lang='lat' dir='ltr'>ani-</span> 
     </span>
     <span class='ocr_line' id='line_1_13' title="bbox 581 1842 2733 1939; baseline -0.001 -24"><span class='ocrx_word' id='word_1_99' title='bbox 581 1869 767 1916; x_wconf 91' lang='lat' dir='ltr'>mum</span> <span class='ocrx_word' id='word_1_100' title='bbox 838 1845 1209 1930; x_wconf 90' lang='lat' dir='ltr'>haberem;</span> <span class='ocrx_word' id='word_1_101' title='bbox 1255 1854 1470 1939; x_wconf 89' lang='lat' dir='ltr'>utque</span> <span class='ocrx_word' id='word_1_102' title='bbox 1532 1843 1623 1916; x_wconf 92' lang='lat' dir='ltr'>ad</span> <span class='ocrx_word' id='word_1_103' title='bbox 1687 1842 1786 1928; x_wconf 87' lang='lat' dir='ltr'>id,</span> <span class='ocrx_word' id='word_1_104' title='bbox 1861 1844 1921 1914; x_wconf 94' lang='lat' dir='ltr'>si</span> <span class='ocrx_word' id='word_1_105' title='bbox 1980 1863 2118 1935; x_wconf 93' lang='lat' dir='ltr'>quo</span> <span class='ocrx_word' id='word_1_106' title='bbox 2168 1842 2376 1914; x_wconf 92' lang='lat' dir='ltr'>modo</span> <span class='ocrx_word' id='word_1_107' title='bbox 2425 1864 2733 1935; x_wconf 89' lang='lat' dir='ltr'>possem,</span> 
     </span>
     <span class='ocr_line' id='line_1_14' title="bbox 576 1966 2736 2062; baseline -0.002 -24"><span class='ocrx_word' id='word_1_108' title='bbox 576 1969 1046 2061; x_wconf 81' lang='lat' dir='ltr'>pervenirem,</span> <span class='ocrx_word' id='word_1_109' title='bbox 1115 1968 1305 2062; x_wconf 91' lang='lat' dir='ltr'>quod</span> <span class='ocrx_word' id='word_1_110' title='bbox 1353 1966 1452 2038; x_wconf 90' lang='lat' dir='ltr'>ait</span> <span class='ocrx_word' id='word_1_111' title='bbox 1522 1968 1827 2039; x_wconf 86' lang='lat' dir='ltr'>Seneca:</span> <span class='ocrx_word' id='word_1_112' title='bbox 1889 1969 2150 2061; x_wconf 84' lang='lat' dir='ltr'>sapiens</span> <span class='ocrx_word' id='word_1_113' title='bbox 2189 1967 2309 2036; x_wconf 80' lang='lat' dir='ltr'>scit</span> <span class='ocrx_word' id='word_1_114' title='bbox 2351 1966 2477 2035; x_wconf 82' lang='lat' dir='ltr'>sibi</span> <span class='ocrx_word' id='word_1_115' title='bbox 2514 1968 2736 2035; x_wconf 79' lang='lat' dir='ltr'>omnia</span> 
     </span>
     <span class='ocr_line' id='line_1_15' title="bbox 576 2089 2730 2183; baseline 0 -23"><span class='ocrx_word' id='word_1_116' title='bbox 576 2103 857 2162; x_wconf 81' lang='lat' dir='ltr'>restare.-</span> <span class='ocrx_word' id='word_1_117' title='bbox 898 2089 1209 2183; x_wconf 78' lang='lat' dir='ltr'>quidquid</span> <span class='ocrx_word' id='word_1_118' title='bbox 1235 2094 1484 2182; x_wconf 81' lang='lat' dir='ltr'>saccum</span> <span class='ocrx_word' id='word_1_119' title='bbox 1535 2102 1655 2175; x_wconf 84' lang='lat' dir='ltr'>est,</span> <span class='ocrx_word' id='word_1_120' title='bbox 1710 2089 1899 2175; x_wconf 82' lang='lat' dir='ltr'>dicit,</span> <span class='ocrx_word' id='word_1_121' title='bbox 1940 2093 2261 2161; x_wconf 84' lang='lat' dir='ltr'>sciebam..</span> <span class='ocrx_word' id='word_1_122' title='bbox 2321 2091 2473 2182; x_wconf 80' lang='lat' dir='ltr'>Ego</span> <span class='ocrx_word' id='word_1_123' title='bbox 2532 2112 2730 2174; x_wconf 89' lang='lat' dir='ltr'>ver0,</span> 
     </span>
     <span class='ocr_line' id='line_1_16' title="bbox 576 2193 2737 2308; baseline -0.002 -23"><span class='ocrx_word' id='word_1_124' title='bbox 576 2236 736 2285; x_wconf 92' lang='lat' dir='ltr'>cum</span> <span class='ocrx_word' id='word_1_125' title='bbox 769 2214 838 2283; x_wconf 92' lang='lat' dir='ltr'>in</span> <span class='ocrx_word' id='word_1_126' title='bbox 874 2213 1026 2284; x_wconf 91' lang='lat' dir='ltr'>aliis</span> <span class='ocrx_word' id='word_1_127' title='bbox 1057 2193 1705 2298; x_wconf 45' lang='lat' dir='ltr'>&#39;innumerabilibus</span> <span class='ocrx_word' id='word_1_128' title='bbox 1750 2223 1894 2285; x_wconf 92' lang='lat' dir='ltr'>tum</span> <span class='ocrx_word' id='word_1_129' title='bbox 1924 2214 1992 2284; x_wconf 91' lang='lat' dir='ltr'>in</span> <span class='ocrx_word' id='word_1_130' title='bbox 2021 2214 2150 2285; x_wconf 91' lang='lat' dir='ltr'>hoc</span> <span class='ocrx_word' id='word_1_131' title='bbox 2182 2212 2544 2308; x_wconf 85' lang='lat' dir='ltr'>praecipue,</span> <span class='ocrx_word' id='word_1_132' title='bbox 2576 2233 2737 2283; x_wconf 92' lang='lat' dir='ltr'>sen-</span> 
     </span>
     <span class='ocr_line' id='line_1_17' title="bbox 578 2333 2733 2431; baseline 0.001 -25"><span class='ocrx_word' id='word_1_133' title='bbox 578 2336 696 2420; x_wconf 90' lang='lat' dir='ltr'>tio,</span> <span class='ocrx_word' id='word_1_134' title='bbox 735 2356 846 2406; x_wconf 89' lang='lat' dir='ltr'>me</span> <span class='ocrx_word' id='word_1_135' title='bbox 880 2355 1016 2406; x_wconf 93' lang='lat' dir='ltr'>non</span> <span class='ocrx_word' id='word_1_136' title='bbox 1049 2354 1212 2404; x_wconf 89' lang='lat' dir='ltr'>esse</span> <span class='ocrx_word' id='word_1_137' title='bbox 1249 2333 1658 2430; x_wconf 85' lang='lat' dir='ltr'>sapientem,</span> <span class='ocrx_word' id='word_1_138' title='bbox 1689 2335 1874 2429; x_wconf 90' lang='lat' dir='ltr'>quod</span> <span class='ocrx_word' id='word_1_139' title='bbox 1910 2359 2135 2431; x_wconf 87' lang='lat' dir='ltr'>usque</span> <span class='ocrx_word' id='word_1_140' title='bbox 2171 2337 2260 2410; x_wconf 86' lang='lat' dir='ltr'>ad</span> <span class='ocrx_word' id='word_1_141' title='bbox 2297 2337 2426 2408; x_wconf 89' lang='lat' dir='ltr'>hoc</span> <span class='ocrx_word' id='word_1_142' title='bbox 2460 2346 2733 2430; x_wconf 90' lang='lat' dir='ltr'>tempus</span> 
     </span>
     <span class='ocr_line' id='line_1_18' title="bbox 576 2457 2734 2554; baseline 0.002 -26"><span class='ocrx_word' id='word_1_143' title='bbox 576 2458 754 2529; x_wconf 87' lang='lat' dir='ltr'>hanc</span> <span class='ocrx_word' id='word_1_144' title='bbox 816 2477 1024 2526; x_wconf 87' lang='lat' dir='ltr'>unam</span> <span class='ocrx_word' id='word_1_145' title='bbox 1093 2457 1434 2528; x_wconf 87' lang='lat' dir='ltr'>sarcinam</span> <span class='ocrx_word' id='word_1_146' title='bbox 1498 2480 1790 2551; x_wconf 91' lang='lat' dir='ltr'>prorsus</span> <span class='ocrx_word' id='word_1_147' title='bbox 1856 2460 2211 2554; x_wconf 90' lang='lat' dir='ltr'>deponere</span> <span class='ocrx_word' id='word_1_148' title='bbox 2261 2463 2449 2532; x_wconf 91' lang='lat' dir='ltr'>nullo</span> <span class='ocrx_word' id='word_1_149' title='bbox 2502 2461 2734 2533; x_wconf 91' lang='lat' dir='ltr'>studio</span> 
     </span>
     <span class='ocr_line' id='line_1_19' title="bbox 578 2579 2736 2685; baseline 0.003 -32"><span class='ocrx_word' id='word_1_150' title='bbox 578 2579 936 2653; x_wconf 89' lang='lat' dir='ltr'>valuerim.</span> <span class='ocrx_word' id='word_1_151' title='bbox 982 2581 1190 2652; x_wconf 90' lang='lat' dir='ltr'>Istam</span> <span class='ocrx_word' id='word_1_152' title='bbox 1262 2583 1766 2657; x_wconf 89' lang='lat' dir='ltr'>solicitudinem</span> <span class='ocrx_word' id='word_1_153' title='bbox 1811 2586 1930 2657; x_wconf 90' lang='lat' dir='ltr'>tibi</span> <span class='ocrx_word' id='word_1_154' title='bbox 1981 2610 2169 2659; x_wconf 91' lang='lat' dir='ltr'>mors</span> <span class='ocrx_word' id='word_1_155' title='bbox 2219 2590 2561 2685; x_wconf 86' lang='lat' dir='ltr'>eripuisse</span> <span class='ocrx_word' id='word_1_156' title='bbox 2611 2589 2736 2661; x_wconf 87' lang='lat' dir='ltr'>de—</span> 
     </span>
     <span class='ocr_line' id='line_1_20' title="bbox 573 2702 2732 2802; baseline 0.003 -28"><span class='ocrx_word' id='word_1_157' title='bbox 573 2702 751 2774; x_wconf 89' lang='lat' dir='ltr'>buit:</span> <span class='ocrx_word' id='word_1_158' title='bbox 799 2713 869 2774; x_wconf 89' lang='lat' dir='ltr'>et</span> <span class='ocrx_word' id='word_1_159' title='bbox 911 2702 1067 2798; x_wconf 90' lang='lat' dir='ltr'>(nisi</span> <span class='ocrx_word' id='word_1_160' title='bbox 1108 2705 1584 2798; x_wconf 83' lang='lat' dir='ltr'>magnitudine</span> <span class='ocrx_word' id='word_1_161' title='bbox 1626 2709 1836 2778; x_wconf 87' lang='lat' dir='ltr'>animi</span> <span class='ocrx_word' id='word_1_162' title='bbox 1878 2709 1978 2777; x_wconf 92' lang='lat' dir='ltr'>tui</span> <span class='ocrx_word' id='word_1_163' title='bbox 2012 2708 2232 2802; x_wconf 89' lang='lat' dir='ltr'>fallor)</span> <span class='ocrx_word' id='word_1_164' title='bbox 2270 2710 2543 2801; x_wconf 68' lang='lat' dir='ltr'>eripuit.</span> <span class='ocrx_word' id='word_1_165' title='bbox 2582 2709 2732 2782; x_wconf 89' lang='lat' dir='ltr'>Scis</span> 
     </span>
     <span class='ocr_line' id='line_1_21' title="bbox 574 2814 2730 2921; baseline 0.002 -23"><span class='ocrx_word' id='word_1_166' title='bbox 574 2825 693 2898; x_wconf 93' lang='lat' dir='ltr'>ubi</span> <span class='ocrx_word' id='word_1_167' title='bbox 732 2828 943 2900; x_wconf 87' lang='lat' dir='ltr'>frater</span> <span class='ocrx_word' id='word_1_168' title='bbox 981 2837 1140 2900; x_wconf 92' lang='lat' dir='ltr'>tuus</span> <span class='ocrx_word' id='word_1_169' title='bbox 1181 2838 1317 2914; x_wconf 93' lang='lat' dir='ltr'>est,</span> <span class='ocrx_word' id='word_1_170' title='bbox 1361 2838 1432 2899; x_wconf 90' lang='lat' dir='ltr'>et</span> <span class='ocrx_word' id='word_1_171' title='bbox 1470 2814 1765 2920; x_wconf 86' lang='lat' dir='ltr'>qualiter</span> <span class='ocrx_word' id='word_1_172' title='bbox 1807 2828 1901 2898; x_wconf 89' lang='lat' dir='ltr'>ibi</span> <span class='ocrx_word' id='word_1_173' title='bbox 1941 2837 2078 2911; x_wconf 83' lang='lat' dir='ltr'>est3</span> <span class='ocrx_word' id='word_1_174' title='bbox 2123 2852 2348 2921; x_wconf 91' lang='lat' dir='ltr'>neque</span> <span class='ocrx_word' id='word_1_175' title='bbox 2401 2830 2537 2899; x_wconf 89' lang='lat' dir='ltr'>iam</span> <span class='ocrx_word' id='word_1_176' title='bbox 2591 2841 2730 2902; x_wconf 90' lang='lat' dir='ltr'>sta-</span> 
     </span>
     <span class='ocr_line' id='line_1_22' title="bbox 575 2948 2729 3041; baseline 0 -24"><span class='ocrx_word' id='word_1_177' title='bbox 575 2956 687 3018; x_wconf 91' lang='lat' dir='ltr'>tus</span> <span class='ocrx_word' id='word_1_178' title='bbox 739 2948 848 3020; x_wconf 90' lang='lat' dir='ltr'>sui</span> <span class='ocrx_word' id='word_1_179' title='bbox 898 2951 1302 3021; x_wconf 88' lang='lat' dir='ltr'>varietatem</span> <span class='ocrx_word' id='word_1_180' title='bbox 1371 2949 1638 3021; x_wconf 90' lang='lat' dir='ltr'>solitam</span> <span class='ocrx_word' id='word_1_181' title='bbox 1700 2948 2151 3041; x_wconf 89' lang='lat' dir='ltr'>pertimescis.</span> <span class='ocrx_word' id='word_1_182' title='bbox 2205 2949 2274 3018; x_wconf 93' lang='lat' dir='ltr'>Si</span> <span class='ocrx_word' id='word_1_183' title='bbox 2327 2948 2611 3031; x_wconf 89' lang='lat' dir='ltr'>iustitia,</span> <span class='ocrx_word' id='word_1_184' title='bbox 2668 2951 2729 3018; x_wconf 91' lang='lat' dir='ltr'>si</span> 
     </span>
     <span class='ocr_line' id='line_1_23' title="bbox 575 3067 2725 3165; baseline 0 -26"><span class='ocrx_word' id='word_1_185' title='bbox 575 3067 778 3156; x_wconf 83' lang='lat' dir='ltr'>fides,</span> <span class='ocrx_word' id='word_1_186' title='bbox 843 3072 901 3143; x_wconf 90' lang='lat' dir='ltr'>si</span> <span class='ocrx_word' id='word_1_187' title='bbox 940 3071 1189 3165; x_wconf 82' lang='lat' dir='ltr'>pietaS‚</span> <span class='ocrx_word' id='word_1_188' title='bbox 1262 3073 1320 3143; x_wconf 91' lang='lat' dir='ltr'>si</span> <span class='ocrx_word' id='word_1_189' title='bbox 1385 3069 1688 3141; x_wconf 87' lang='lat' dir='ltr'>charitas</span> <span class='ocrx_word' id='word_1_190' title='bbox 1739 3068 1926 3140; x_wconf 85' lang='lat' dir='ltr'>viam</span> <span class='ocrx_word' id='word_1_191' title='bbox 1970 3069 2217 3140; x_wconf 88' lang='lat' dir='ltr'>sternit</span> <span class='ocrx_word' id='word_1_192' title='bbox 2262 3068 2354 3140; x_wconf 88' lang='lat' dir='ltr'>ad</span> <span class='ocrx_word' id='word_1_193' title='bbox 2405 3088 2725 3160; x_wconf 90' lang='lat' dir='ltr'>superos;</span> 
     </span>
     <span class='ocr_line' id='line_1_24' title="bbox 576 3190 2729 3288; baseline -0.001 -25"><span class='ocrx_word' id='word_1_194' title='bbox 576 3193 633 3263; x_wconf 91' lang='lat' dir='ltr'>si</span> <span class='ocrx_word' id='word_1_195' title='bbox 673 3194 964 3264; x_wconf 87' lang='lat' dir='ltr'>terrenis</span> <span class='ocrx_word' id='word_1_196' title='bbox 999 3195 1263 3287; x_wconf 90' lang='lat' dir='ltr'>laqueis</span> <span class='ocrx_word' id='word_1_197' title='bbox 1299 3194 1628 3288; x_wconf 86' lang='lat' dir='ltr'>expedita</span> <span class='ocrx_word' id='word_1_198' title='bbox 1654 3215 1854 3265; x_wconf 89' lang='lat' dir='ltr'>mens</span> <span class='ocrx_word' id='word_1_199' title='bbox 1880 3190 2199 3264; x_wconf 89' lang='lat' dir='ltr'>liberiore</span> <span class='ocrx_word' id='word_1_200' title='bbox 2237 3213 2520 3264; x_wconf 90' lang='lat' dir='ltr'>sursum</span> <span class='ocrx_word' id='word_1_201' title='bbox 2553 3192 2729 3263; x_wconf 88' lang='lat' dir='ltr'>tolli-</span> 
     </span>
     <span class='ocr_line' id='line_1_25' title="bbox 577 3314 2731 3411; baseline -0.002 -23"><span class='ocrx_word' id='word_1_202' title='bbox 577 3327 686 3388; x_wconf 88' lang='lat' dir='ltr'>tur</span> <span class='ocrx_word' id='word_1_203' title='bbox 710 3318 962 3400; x_wconf 89' lang='lat' dir='ltr'>volatu,</span> <span class='ocrx_word' id='word_1_204' title='bbox 984 3318 1042 3387; x_wconf 88' lang='lat' dir='ltr'>si</span> <span class='ocrx_word' id='word_1_205' title='bbox 1064 3315 1263 3388; x_wconf 90' lang='lat' dir='ltr'>bonis</span> <span class='ocrx_word' id='word_1_206' title='bbox 1289 3327 1358 3388; x_wconf 91' lang='lat' dir='ltr'>et</span> <span class='ocrx_word' id='word_1_207' title='bbox 1383 3316 1559 3388; x_wconf 89' lang='lat' dir='ltr'>bene</span> <span class='ocrx_word' id='word_1_208' title='bbox 1585 3315 1835 3388; x_wconf 88' lang='lat' dir='ltr'>creatis</span> <span class='ocrx_word' id='word_1_209' title='bbox 1866 3314 2222 3411; x_wconf 88' lang='lat' dir='ltr'>spiritibus</span> <span class='ocrx_word' id='word_1_210' title='bbox 2254 3315 2462 3387; x_wconf 90' lang='lat' dir='ltr'>sedes</span> <span class='ocrx_word' id='word_1_211' title='bbox 2487 3315 2731 3386; x_wconf 88' lang='lat' dir='ltr'>ultima</span> 
     </span>
     <span class='ocr_line' id='line_1_26' title="bbox 573 3439 2731 3524; baseline -0 -14"><span class='ocrx_word' id='word_1_212' title='bbox 573 3449 644 3510; x_wconf 91' lang='lat' dir='ltr'>et</span> <span class='ocrx_word' id='word_1_213' title='bbox 692 3448 973 3511; x_wconf 55' lang='lat' dir='ltr'>aeterna‘</span> <span class='ocrx_word' id='word_1_214' title='bbox 1019 3441 1273 3511; x_wconf 88' lang='lat' dir='ltr'>coelum</span> <span class='ocrx_word' id='word_1_215' title='bbox 1330 3452 1483 3524; x_wconf 88' lang='lat' dir='ltr'>est;</span> <span class='ocrx_word' id='word_1_216' title='bbox 1534 3441 1695 3513; x_wconf 92' lang='lat' dir='ltr'>illuc</span> <span class='ocrx_word' id='word_1_217' title='bbox 1744 3444 2026 3512; x_wconf 85' lang='lat' dir='ltr'>fratrem</span> <span class='ocrx_word' id='word_1_218' title='bbox 2079 3450 2274 3511; x_wconf 91' lang='lat' dir='ltr'>tuum</span> <span class='ocrx_word' id='word_1_219' title='bbox 2325 3439 2731 3511; x_wconf 89' lang='lat' dir='ltr'>ascendisse</span> 
     </span>
     <span class='ocr_line' id='line_1_27' title="bbox 571 3562 2733 3658; baseline -0.002 -21"><span class='ocrx_word' id='word_1_220' title='bbox 571 3564 1009 3638; x_wconf 67' lang='lat' dir='ltr'>confidimus</span> <span class='ocrx_word' id='word_1_221' title='bbox 1061 3567 1152 3636; x_wconf 88' lang='lat' dir='ltr'>Et</span> <span class='ocrx_word' id='word_1_222' title='bbox 1195 3566 1253 3637; x_wconf 91' lang='lat' dir='ltr'>si</span> <span class='ocrx_word' id='word_1_223' title='bbox 1302 3586 1463 3658; x_wconf 86' lang='lat' dir='ltr'>quae</span> <span class='ocrx_word' id='word_1_224' title='bbox 1496 3587 1660 3637; x_wconf 90' lang='lat' dir='ltr'>eum</span> <span class='ocrx_word' id='word_1_225' title='bbox 1701 3562 2139 3637; x_wconf 88' lang='lat' dir='ltr'>mortalitatis</span> <span class='ocrx_word' id='word_1_226' title='bbox 2192 3571 2452 3635; x_wconf 84' lang='lat' dir='ltr'>n&#39;ostrae</span> <span class='ocrx_word' id='word_1_227' title='bbox 2495 3571 2733 3635; x_wconf 88' lang='lat' dir='ltr'>conta-</span> 
     </span>
     <span class='ocr_line' id='line_1_28' title="bbox 572 3686 2732 3784; baseline -0.003 -23"><span class='ocrx_word' id='word_1_228' title='bbox 572 3689 686 3781; x_wconf 82' lang='lat' dir='ltr'>gia</span> <span class='ocrx_word' id='word_1_229' title='bbox 739 3688 973 3784; x_wconf 89' lang='lat' dir='ltr'>(quod</span> <span class='ocrx_word' id='word_1_230' title='bbox 1014 3693 1321 3783; x_wconf 84' lang='lat' dir='ltr'>profecto</span> <span class='ocrx_word' id='word_1_231' title='bbox 1356 3711 1492 3761; x_wconf 91' lang='lat' dir='ltr'>non</span> <span class='ocrx_word' id='word_1_232' title='bbox 1540 3688 1892 3783; x_wconf 91' lang='lat' dir='ltr'>suspicor)</span> <span class='ocrx_word' id='word_1_233' title='bbox 1937 3687 2445 3771; x_wconf 88' lang='lat' dir='ltr'>retardassent,</span> <span class='ocrx_word' id='word_1_234' title='bbox 2499 3686 2571 3755; x_wconf 92' lang='lat' dir='ltr'>in</span> <span class='ocrx_word' id='word_1_235' title='bbox 2616 3686 2732 3756; x_wconf 89' lang='lat' dir='ltr'>via</span> 
     </span>
     <span class='ocr_line' id='line_1_29' title="bbox 572 3809 2728 3906; baseline -0.002 -24"><span class='ocrx_word' id='word_1_236' title='bbox 572 3823 715 3897; x_wconf 87' lang='lat' dir='ltr'>est,</span> <span class='ocrx_word' id='word_1_237' title='bbox 768 3822 839 3884; x_wconf 92' lang='lat' dir='ltr'>et</span> <span class='ocrx_word' id='word_1_238' title='bbox 899 3815 1033 3886; x_wconf 91' lang='lat' dir='ltr'>iam</span> <span class='ocrx_word' id='word_1_239' title='bbox 1088 3817 1359 3885; x_wconf 90' lang='lat' dir='ltr'>solutus</span> <span class='ocrx_word' id='word_1_240' title='bbox 1399 3823 1610 3906; x_wconf 89' lang='lat' dir='ltr'>atque</span> <span class='ocrx_word' id='word_1_241' title='bbox 1663 3814 1888 3884; x_wconf 84' lang='lat' dir='ltr'>alacer</span> <span class='ocrx_word' id='word_1_242' title='bbox 1940 3810 2222 3882; x_wconf 85' lang='lat' dir='ltr'>festinat</span> <span class='ocrx_word' id='word_1_243' title='bbox 2271 3812 2363 3883; x_wconf 90' lang='lat' dir='ltr'>ad</span> <span class='ocrx_word' id='word_1_244' title='bbox 2411 3809 2728 3903; x_wconf 79' lang='lat' dir='ltr'>patriam.</span> 
     </span>
     <span class='ocr_line' id='line_1_30' title="bbox 575 3931 2726 4029; baseline -0.001 -27"><span class='ocrx_word' id='word_1_245' title='bbox 575 3933 938 4019; x_wconf 87' lang='lat' dir='ltr'>Caeterum,</span> <span class='ocrx_word' id='word_1_246' title='bbox 996 3935 1417 4029; x_wconf 87' lang='lat' dir='ltr'>ubicumque</span> <span class='ocrx_word' id='word_1_247' title='bbox 1469 3943 1597 4020; x_wconf 89' lang='lat' dir='ltr'>est,</span> <span class='ocrx_word' id='word_1_248' title='bbox 1655 3955 1843 4028; x_wconf 82' lang='lat' dir='ltr'>saepe</span> <span class='ocrx_word' id='word_1_249' title='bbox 1883 3934 1971 4006; x_wconf 93' lang='lat' dir='ltr'>ad</span> <span class='ocrx_word' id='word_1_250' title='bbox 2010 3944 2075 4006; x_wconf 90' lang='lat' dir='ltr'>te</span> <span class='ocrx_word' id='word_1_251' title='bbox 2126 3937 2364 4007; x_wconf 91' lang='lat' dir='ltr'>oculos</span> <span class='ocrx_word' id='word_1_252' title='bbox 2415 3931 2726 4015; x_wconf 90' lang='lat' dir='ltr'>reflectit,</span> 
     </span>
     <span class='ocr_line' id='line_1_31' title="bbox 572 4057 2730 4157; baseline 0.002 -34"><span class='ocrx_word' id='word_1_253' title='bbox 572 4065 863 4148; x_wconf 88' lang='lat' dir='ltr'>oratque</span> <span class='ocrx_word' id='word_1_254' title='bbox 919 4081 1009 4131; x_wconf 91' lang='lat' dir='ltr'>ne</span> <span class='ocrx_word' id='word_1_255' title='bbox 1067 4059 1533 4132; x_wconf 84' lang='lat' dir='ltr'>felicissimam</span> <span class='ocrx_word' id='word_1_256' title='bbox 1597 4060 2090 4157; x_wconf 86' lang='lat' dir='ltr'>profectionem</span> <span class='ocrx_word' id='word_1_257' title='bbox 2148 4063 2303 4132; x_wconf 91' lang='lat' dir='ltr'>eius</span> <span class='ocrx_word' id='word_1_258' title='bbox 2354 4057 2730 4152; x_wconf 80' lang='lat' dir='ltr'>gemitibus</span> 
     </span>
     <span class='ocr_line' id='line_1_32' title="bbox 577 4176 2732 4274; baseline 0 -28"><span class='ocrx_word' id='word_1_259' title='bbox 577 4177 712 4249; x_wconf 90' lang='lat' dir='ltr'>tuis</span> <span class='ocrx_word' id='word_1_260' title='bbox 764 4176 1117 4274; x_wconf 86' lang='lat' dir='ltr'>impedias.</span> <span class='ocrx_word' id='word_1_261' title='bbox 1170 4185 1312 4255; x_wconf 89' lang='lat' dir='ltr'>Nec</span> <span class='ocrx_word' id='word_1_262' title='bbox 1378 4192 1446 4253; x_wconf 89' lang='lat' dir='ltr'>te</span> <span class='ocrx_word' id='word_1_263' title='bbox 1504 4184 1790 4256; x_wconf 88' lang='lat' dir='ltr'>videndi</span> <span class='ocrx_word' id='word_1_264' title='bbox 1830 4184 2063 4255; x_wconf 84' lang='lat' dir='ltr'>fratris</span> <span class='ocrx_word' id='word_1_265' title='bbox 2115 4182 2537 4255; x_wconf 90' lang='lat' dir='ltr'>desiderium</span> <span class='ocrx_word' id='word_1_266' title='bbox 2590 4188 2732 4249; x_wconf 87' lang='lat' dir='ltr'>tor-</span> 
     </span>
    </p>
   </div>
  </div>
 </body>
</html>
