3104 4805
942 337 1131 416 unna
1175 338 1894 390 marius—Erimon
1937 341 2061 390 vm.
2464 332 2578 392 155

416 480 906 575 quaestionum,
964 480 1268 552 maxime
1310 481 1659 554 adversus
1695 505 1817 555 eos
1854 486 2174 578 loquenS,
2211 486 2330 579 qui
2365 512 2569 574 nunc,

418 614 492 674 ut
555 604 705 698 ipse
771 603 903 688 ait,
961 606 1395 698 appellantur
1442 606 1950 691 mathematici,
2008 609 2324 680 volentes
2377 621 2574 682 actus

414 738 693 800 nostros
730 727 1136 820 corporibus
1171 728 1578 800 coeIestibus
1624 728 1953 816 subdere,
1991 739 2064 800 et
2100 752 2229 802 nos
2271 733 2575 805 vendere

415 853 657 936 stellis,
697 851 1065 945 ipsumque
1107 850 1444 944 precium,
1498 873 1638 944 quo
1679 852 2018 939 vendunt,
2074 878 2114 926 a
2164 856 2365 927 nobis
2395 857 2575 929 acci-

411 997 602 1068 pere,
649 976 984 1046 rationem
1028 975 1243 1046 affert.
1290 976 1461 1046 Cum
1513 984 1747 1046 autem
1815 980 2031 1050 multa
2079 1000 2276 1065 vera,
2321 979 2567 1074 inquit,

412 1119 533 1168 eos
573 1099 991 1193 praedixisse
1032 1099 1324 1183 dicatur,
1362 1099 1520 1173 ideo
1558 1098 1659 1184 fit,
1699 1099 1864 1192 quia
1899 1124 2035 1172 non
2082 1112 2317 1174 tenent
2352 1102 2574 1175 homi-

412 1242 537 1290 nes
606 1222 938 1292 memoria
978 1222 1346 1293 falsitatem
1396 1243 1813 1315 erroresque
1865 1223 2182 1306 illorum;
2237 1225 2363 1295 sed
2433 1247 2571 1297 non

413 1342 652 1414 intenti
705 1343 837 1414 nisi
890 1343 959 1413 in
997 1366 1080 1416 ea
1123 1366 1282 1438 quae
1332 1345 1604 1417 illorum
1657 1346 2019 1439 responsis
2067 1360 2566 1440 provenerunt,

409 1489 488 1539 ea
537 1488 699 1560 quae
748 1489 884 1539 non
936 1468 1386 1562 provenerint
1435 1468 1986 1556 obliviscuntur:
2034 1482 2104 1541 et
2149 1493 2234 1543 ea
2272 1494 2572 1544 comme-

412 1600 783 1676 morantur,
822 1611 983 1683 quae
1011 1613 1149 1662 non
1177 1602 1325 1662 arte
1360 1591 1498 1677 ina,
1536 1613 1699 1684 quae
1724 1594 1909 1664 nulla
1936 1604 2069 1677 est,
2110 1595 2234 1666 sed
2264 1596 2566 1689 quadam

410 1715 702 1788 obscura
744 1738 979 1788 rerum
1019 1725 1230 1798 sorte,
1275 1717 1709 1809 contingunt.
1754 1717 1956 1800 Quod
2005 1717 2063 1789 si
2115 1718 2383 1812 peritiae
2422 1719 2571 1789 iilo-

409 1863 559 1910 rum
610 1843 852 1912 volunt
902 1839 1237 1923 tribuere,
1289 1840 1526 1912 dicant
1590 1839 1957 1912 artificiose
1996 1840 2312 1913 divinare
2358 1841 2565 1912 etiam

406 1973 713 2036 mortuas
764 1963 1205 2035 membranas
1252 1963 1548 2058 scriptas
1591 1963 1968 2055 quaslibet,
2007 1963 2095 2035 de
2136 1962 2391 2056 quibus
2426 1965 2569 2057 ple-

405 2109 698 2181 rumque
724 2109 852 2181 pro
878 2088 1233 2159 voluntate
1263 2107 1418 2157 sors
1445 2085 1596 2157 erit.
1621 2085 1824 2168 Quod
1847 2086 1905 2157 si
1932 2107 2068 2157 non
2091 2096 2241 2158 arte
2264 2084 2353 2156 de
2377 2085 2568 2157 codi-

402 2207 598 2281 cibus
625 2209 776 2279 exit
817 2230 1003 2302 saepe
1043 2230 1296 2279 versus
1332 2209 1563 2279 sutura
1590 2206 2091 2302 praenuntianS,
2120 2207 2289 2300 quid
2314 2208 2561 2279 mirum

406 2332 464 2402 si
495 2332 702 2405 etiam
736 2332 965 2405 animo
999 2331 1344 2425 loquentis
1386 2352 1523 2401 non
1566 2340 1714 2402 arte
1760 2330 1883 2402 sed
1926 2340 2113 2402 sorte
2154 2331 2303 2402 exit
2335 2331 2564 2425 aliqua

404 2454 759 2548 praedictio
798 2458 1235 2526 futurorum?
1298 2455 1462 2525 Haec
1539 2454 1773 2527 ultima
1837 2454 2121 2548 quidem
2188 2452 2564 2546 Augustini

406 2588 608 2649 sunt:
659 2599 819 2670 quae
868 2579 1028 2650 hinc
1093 2578 1470 2651 auctoritas
1524 2577 1824 2650 hominis
1875 2578 2346 2662 commendat,
2401 2577 2562 2649 hinc

405 2701 594 2774 fides.
641 2703 899 2773 Horum
941 2724 1111 2775 vero
1151 2702 1439 2774 fallaciis
1479 2701 1802 2773 omnibus
1841 2702 2035 2794 quid,
2081 2710 2319 2795 putaS‚
2364 2701 2563 2773 aliud

399 2825 582 2896 viam
633 2826 817 2910 fecit,
872 2826 1007 2897 nisi
1064 2825 1371 2918 vulgaris
1424 2825 1722 2909 inscitia,
1767 2834 1839 2895 et
1892 2822 2157 2895 infinita
2214 2822 2558 2917 cupiditas

400 2948 519 3043 (ne
569 2948 795 3021 dicam
862 2946 1128 3043 rabies)
1176 2948 1442 3022 sciendi
1482 2972 1569 3021 ea
1635 2960 1943 3032 tantum,
1986 2970 2149 3042 quae
2212 2971 2343 3019 nec
2396 2946 2554 3019 sciri

394 3082 717 3167 possunt,
785 3082 857 3142 et
921 3074 1098 3145 scire
1172 3095 1309 3145 non
1375 3074 1704 3168 expedit?
1757 3075 1860 3144 Tu
1917 3095 2088 3164 ergo
2153 3093 2375 3165 genus
2429 3069 2559 3142 hoc

394 3193 750 3265 hominum
799 3195 1244 3267 temerarium
1294 3205 1366 3266 et
1426 3218 1719 3290 procax,
1788 3217 1870 3267 ac
1935 3196 2321 3287 tranquillae
2386 3193 2556 3264 vitae

393 3317 1038 3409 contrarium,suge;
1068 3328 1161 3401 ut,
1191 3328 1530 3411 quantum
1556 3316 1887 3412 possibile
1913 3327 2040 3401 est,
2059 3316 2551 3389 brevissimum

395 3430 525 3502 hoc
565 3443 835 3527 tempus
889 3433 1039 3504 sine
1083 3434 1541 3527 supervacuis
1610 3444 1682 3504 et
1744 3433 2064 3505 inanibus
2118 3434 2305 3504 curis
2357 3451 2550 3519 agas.

391 3554 502 3627 Sic
525 3556 710 3626 enim
740 3556 1025 3628 habeto:
1052 3557 1274 3629 donec
1303 3556 1868 3650 superstitionum
1899 3556 2173 3648 pondus
2200 3577 2336 3624 non
2363 3550 2552 3622 abie-

387 3678 590 3762 ceriS,
637 3678 911 3751 beatam
955 3680 1169 3752 vitam
1204 3678 1465 3775 poteris
1508 3687 1776 3770 optare,
1823 3699 1960 3748 non
2015 3674 2342 3767 assequi;
2387 3695 2552 3744 con-

389 3800 599 3871 traria
651 3822 728 3872 se
777 3801 1091 3874 vicissim
1132 3803 1440 3875 trudunt.
1483 3802 1848 3893 Nunquam
1895 3807 2121 3869 metus
2160 3806 2230 3867 et
2262 3796 2547 3867 felicitas

384 3922 807 3994 cohabitant.
851 3926 1038 3996 Vale.
