3104 4805
668 366 939 415 Lxxxvm
1422 367 1941 416 PROLEGOMENON.

824 656 1302 737 EPISTOLAE
1384 658 1965 740 FAMILIARES
2042 661 2160 742 ET
2240 662 2560 742 VARIAE

1380 893 1431 932 ΙΝ
1463 892 1644 934 uanos
1677 892 1994 935 msrmnrae:

1236 1080 1632 1154 EARUMQUE
1693 1080 2156 1145 ARGUMENTA.

663 1833 834 1906 Epist.
876 1833 960 1888 An
990 1847 1294 1889 POSTEROS.
1318 1864 1387 1874 —
1407 1834 1608 1890 Fuerit
1635 1836 1738 1910 gibi
1760 1841 1978 1909 forsan.

976 1924 1117 1996 Ary.
1157 1923 1294 1978 Vitae
1331 1940 1443 1978 suae
1465 1924 1748 1980 rationem
1786 1943 1959 1998 usque
2005 1926 2073 1981 ad
2120 1942 2325 1982 annum
2363 1927 2494 1982 1351
2537 1934 2725 1984 auctor

1045 2019 1280 2067 enarrat.

661 2098 918 2182 Praefatio·
947 2099 1033 2153 An
1060 2100 1380 2153 SocRATEM.
1404 2130 1474 2138 —
1497 2100 1648 2164 Quid
1675 2118 1808 2155 vero
1833 2120 2003 2157 nunc.

972 2188 1112 2259 Ary.
1137 2188 1476 2259 Scriptorum
1496 2204 1723 2242 suorum
1744 2205 1998 2260 magnam
2016 2195 2229 2261 partem
2252 2207 2308 2244 se
2329 2191 2564 2244 flammis
2584 2208 2731 2245 com-

1038 2276 1342 2331 burendam
1396 2276 1683 2331 tradidisse
1708 2295 1718 2330 :
1770 2278 1977 2332 litteras
2019 2284 2202 2332 tamen
2247 2278 2316 2331 ad
2364 2280 2567 2333 amicos
2610 2280 2720 2349 igni

1039 2367 1340 2422 subtractas
1368 2367 1574 2423 Socrati
1610 2372 1664 2421 et
1700 2366 1930 2421 Barbato
1967 2365 2223 2421 dicandas
2262 2382 2522 2421 servasse.
2556 2367 2722 2421 Plura

1039 2453 1107 2507 de
1134 2471 1324 2509 earum
1351 2455 1594 2523 delectu,
1624 2456 1863 2527 itemque
1887 2456 1956 2510 de
1982 2456 2105 2510 stilo
2121 2496 2135 2524 ,
2166 2455 2233 2509 de
2259 2456 2514 2522 materia,
2545 2456 2611 2510 de
2639 2474 2722 2511 or-

1039 2542 1165 2597 dine
1194 2561 1303 2614 quo
1332 2544 1455 2598 illas
1481 2545 1538 2598 in
1567 2544 1671 2598 hoc
1699 2545 1973 2598 volumine
1999 2544 2238 2615 digessit,
2259 2545 2406 2616 quod
2425 2546 2598 2601 amico
2624 2564 2722 2601 suo

1042 2632 1289 2686 inscribit
1315 2639 1367 2687 et
1394 2633 1758 2688 commendat.

1543 2814 1750 2875 LlBER
1798 2815 1836 2873 l.

660 2983 756 3058 Ep.
835 2986 886 3040 1.
929 2986 1149 3043 TnouAE
1174 2987 1549 3043 MESSANENSL
1572 3019 1642 3028 —
1662 2989 1967 3053 Qum-elam
1987 2989 2299 3059 publicam.

973 3077 1113 3149 Ary.
1154 3076 1377 3131 Famam
1407 3082 1530 3131 ante
1559 3076 1766 3131 obitum
1793 3094 1904 3132 non
1926 3094 2044 3131 esse
2063 3078 2445 3149 appetendam,
2462 3096 2633 3150 quum
2660 3097 2720 3134 ea

1040 3165 1196 3220 nobis
1223 3166 1527 3221 viventibus
1554 3167 1776 3220 minime
1806 3167 1977 3238 possit
2004 3168 2229 3237 acquiri.

662 3253 756 3326 Ep.
832 3254 884 3308 2.
928 3255 1246 3309 Rumnrmo
1275 3256 1657 3312 Supsmmo.
1681 3288 1750 3298 —
1780 3258 1977 3312 Vereri
2002 3259 2172 3312 mihi.

970 3345 1111 3416 Ary.
1154 3344 1452 3400 Hominum
1478 3347 1645 3402 vitam
1670 3364 1824 3418 aeque
1861 3364 1924 3401 ac
1963 3347 2253 3401 flosculum
2289 3353 2566 3402 momento
2591 3353 2723 3402 tem-

1042 3432 1191 3503 poris
1218 3437 1272 3485 et
1299 3433 1473 3487 virere
1502 3440 1556 3488 et
1582 3451 1845 3490 arescere.

663 3522 759 3593 Ep.
834 3521 884 3575 3.
927 3519 1168 3575 ΙοΗΑΝΝι
1199 3522 1487 3579 Conmssw
1514 3524 1843 3579 Cimoliam.
1867 3556 1937 3565 —
1958 3526 2178 3579 Gallias
2205 3541 2303 3597 eqo
2331 3542 2537 3596 nuper.

973 3610 1114 3682 Ary.
1168 3609 1386 3666 Gallicae
1431 3614 1881 3684 peregrinationis
1925 3615 2214 3669 enarratio.
2269 3614 2482 3668 Laudes
2535 3613 2717 3669 ltaliae.

1042 3699 1259 3755 Fabella
1288 3701 1356 3755 de
1384 3701 1575 3757 Carolo
1603 3703 1815 3773 Magno.

663 3787 760 3859 Ep.
835 3789 885 3842 4.
928 3789 1169 3845 Iomum
1199 3791 1489 3848 COLUMNA:
1515 3792 1928 3846 CARmNAm.—
1947 3792 2130 3862 Aquis
2156 3791 2492 3863 digressum.

975 3881 1115 3952 Ary.
1149 3883 1535 3937 Germanicum
1565 3884 1668 3937 iter
1693 3887 1940 3950 enarrat,
1970 3887 2025 3935 et
2052 3881 2198 3935 diem
2226 3881 2424 3935 festum
2445 3880 2520 3934 10.
2546 3879 2724 3951 Bapti-

1046 3975 1142 4024 stae
1169 3970 1315 4042 apud
1345 3972 1695 4026 Colonienses
1722 3970 1995 4026 describit.

667 4050 762 4121 Ep.
838 4053 889 4105 5.
931 4052 1137 4111 IAcoso
1164 4058 1453 4115 Comma:
1481 4059 1762 4115 Episcopo
1788 4059 2193 4114 Lomnssmssust.
2216 4088 2286 4096 —
2305 4057 2663 4110 Revertebar.

978 4139 1117 4211 Am.
1159 4143 1517 4201 Familiariter
1554 4148 1908 4219 conqueritur
1943 4145 2120 4217 quod,
2159 4161 2222 4198 eo
2258 4160 2366 4197 non
2415 4148 2718 4214 expectam,
