3104 4805
566 310 682 370 32ss
1243 325 1323 371 m:
1371 324 1567 370 nunus
1614 322 2049 369 FAMuAAmssUS

564 480 776 542 esset.
820 470 955 542 Sed
1003 469 1167 562 quid
1210 474 1390 561 ago?
1439 470 1687 542 Brevis
1737 471 2115 541 consolatio
2165 470 2235 540 in
2286 471 2561 563 longam
2614 472 2720 542 hi-

566 593 849 665 storiam
881 613 1083 664 versa
1122 603 1250 663 est.
1286 591 1496 664 Dabis
1539 603 1769 665 autem
1807 592 2098 677 veniam,
2145 593 2205 663 si
2241 594 2419 664 scias
2460 604 2720 685 quanta

565 739 723 788 cum
774 716 1227 787 delectatione
1281 725 1606 787 versatus
1644 736 1796 784 sum
1825 737 1986 786 cum
2037 714 2149 785 his
2189 714 2468 807 optimis
2510 724 2718 807 atque

566 838 956 910 lectissimis
1002 837 1319 923 senibus,
1389 839 1645 931 quibus
1707 848 1775 907 te
1827 837 1961 909 iam
2022 861 2225 923 nunc,
2271 861 2519 931 meque
2581 861 2717 910 non

565 965 780 1034 multo
819 973 979 1055 post
1016 960 1403 1059 adscriptos
1453 961 1679 1055 cupio,
1736 962 1870 1033 etsi
1921 961 2194 1035 caeteris
2231 963 2300 1032 in
2342 963 2551 1034 rebus
2592 964 2720 1032 im-

565 1106 793 1177 pareS,
848 1096 920 1155 at
966 1085 1478 1177 aequanimitate
1529 1095 1600 1154 et
1656 1084 1983 1179 patientia
2027 1088 2268 1156 saltem
2335 1108 2559 1177 pares.
2617 1086 2718 1156 Ne

565 1210 749 1281 enim
790 1231 902 1280 me
944 1206 1275 1304 propositi
1311 1229 1603 1301 prorsus
1652 1207 1939 1279 oblitum
1990 1219 2224 1301 puteS‚
2278 1210 2435 1303 quis
2496 1231 2720 1302 aegre-

565 1334 739 1403 ferat
788 1354 866 1403 se
919 1353 1155 1403 senem
1192 1330 1366 1415 fieri,
1410 1331 1578 1403 dum
1622 1333 1796 1401 tales
1832 1331 2020 1403 viros
2065 1353 2271 1403 senes
2311 1333 2526 1405 factos
2558 1353 2720 1404 esse

566 1454 997 1526 meminerit?
1062 1455 1208 1526 Imo
1264 1476 1436 1525 vero
1511 1454 1669 1548 quis
1746 1476 1884 1526 non
1935 1477 2190 1547 magno
2248 1477 2405 1527 cum
2465 1457 2719 1550 gaudio

566 1577 927 1671 participet
983 1586 1235 1649 sortem
1296 1578 1855 1651 beatissimorum
1925 1578 2315 1665 hominum,
2382 1591 2469 1671 et¹
2510 1581 2719 1661 alacri

565 1700 796 1772 animo
820 1722 1257 1773 communem
1289 1701 1420 1773 sibi
1444 1723 1604 1773 cum
1636 1700 1886 1772 talibus
1915 1701 2219 1794 excipiat
2247 1706 2719 1775 senectutem?

566 1823 736 1907 Quis
778 1823 962 1895 enim
1004 1824 1271 1910 horum,
1313 1847 1438 1895 seu
1473 1824 1633 1918 quis
1683 1824 1962 1894 omnino
1991 1825 2362 1909 hominum,
2393 1827 2513 1898 diu
2539 1826 2722 1898 vixit

539 1936 634 2017 'et
674 1969 812 2019 non
853 1948 1129 2018 senuit?
1169 1949 1380 2019 Cuius
1422 1951 1697 2039 longam
1734 1947 1947 2018 vitam
1986 1947 2283 2039 legimus
2328 1971 2464 2020 non
2506 1949 2574 2019 in
2610 1972 2721 2020 se-

565 2070 754 2140 nium
796 2071 1279 2143 desinentem?
1318 2070 1407 2141 At
1442 2093 1569 2142 nos
1606 2082 1770 2143 voto
1810 2071 2152 2142 contrario
2190 2094 2565 2165 secumque
2592 2096 2721 2168 pu-

566 2205 848 2286 gnante,
879 2195 1016 2279 diu,
1047 2194 1188 2265 imo
1215 2216 1514 2289 semper,
1555 2194 1797 2265 vivere
1837 2194 2183 2287 cupimus;
2220 2218 2571 2289 nunquam
2609 2217 2723 2267 se-

566 2339 876 2401 nescere,
922 2341 1273 2411 nunquam
1318 2316 1618 2389 interire.
1665 2318 1821 2389 Scio
1863 2327 2092 2387 autem
2136 2317 2306 2411 quid
2347 2339 2721 2413 responsu-

566 2463 687 2512 rus
727 2464 832 2511 es:
883 2441 1143 2512 Horum
1194 2451 1262 2511 te
1311 2441 1618 2512 omnium
1659 2464 1796 2513 non
1838 2442 2189 2532 ignarum:
2244 2441 2411 2513 illud
2451 2442 2711 2527 dolere,

563 2562 751 2657 quod
782 2572 941 2634 ante
978 2572 1252 2656 tempus
1307 2563 1647 2633 senueris.
1702 2563 2105 2634 Communis
2157 2564 2464 2634 omnium
2518 2586 2717 2635 sene-

567 2684 904 2756 scentium
931 2685 1231 2776 querela.
1255 2685 1343 2754 Et
1368 2685 1594 2755 Numa
1617 2684 2016 2777 PompiliuS,
2046 2687 2246 2758 cuius
2277 2708 2487 2780 supra
2525 2709 2720 2758 men-

568 2808 817 2878 tionem
856 2806 1001 2892 feci,
1044 2807 1264 2900 prima
1297 2816 1500 2879 aetate
1540 2828 1760 2878 canus
1804 2807 1956 2889 suit,
2002 2817 2072 2877 et
2112 2810 2441 2900 Virgilius
2492 2818 2715 2903 poeta.

566 2932 731 3000 Tota
774 2940 947 3000 aetas
988 2940 1222 3001 nostra
1276 2930 1384 3001 his
1436 2930 1753 3001 lamentis
1804 2929 2133 3003 abundat.
2187 2933 2340 3024 Ego
2391 2933 2541 3025 ipse
2581 2955 2719 3004 non

566 3063 703 3124 tam
743 3054 937 3146 queri
983 3055 1171 3126 soleo
1211 3076 1419 3146 quam
1464 3053 1725 3137 mirari,
1780 3054 1969 3145 quod
2004 3076 2214 3126 canos
2258 3056 2517 3148 aliquot
2556 3066 2717 3127 ante

563 3177 981 3268 vigesimum
1019 3175 1332 3268 quintum
1371 3198 1630 3247 annum
1675 3177 1911 3258 habui;
1951 3199 2111 3248 cum
2155 3178 2323 3250 illud
2351 3202 2486 3250 non
2526 3180 2719 3251 exci-

563 3287 766 3382 derit,
810 3299 1000 3390 quod
1040 3299 1307 3389 genitor
1346 3299 1697 3390 quondam
1749 3321 1974 3384 meus,
2032 3300 2100 3370 in
2153 3301 2434 3395 reliquis
2492 3325 2719 3395 neque

565 3443 676 3491 me
718 3421 948 3492 sanior
983 3443 1207 3514 neque
1253 3420 1573 3507 validior,
1618 3420 1798 3515 quia,
1842 3433 2003 3516 post
2060 3423 2717 3516 quinquagesimum

563 3547 791 3619 aetatis
818 3568 967 3618 suae
992 3570 1266 3630 annum,
1297 3549 1617 3617 consulto
1647 3549 1948 3638 speculQ
1979 3568 2189 3640 supra
2225 3545 2557 3618 verticem
2586 3546 2718 3618 sibi

564 3691 777 3739 unum
809 3670 983 3739 forte
1019 3669 1336 3762 capillum
1379 3669 1704 3760 ambigua
1738 3671 1986 3741 canitie
2019 3669 2490 3743 albescentem
2526 3670 2721 3743 vide-

563 3800 696 3875 rat,
743 3793 984 3883 plenus
1030 3792 1330 3885 stuporis
1373 3801 1443 3863 et
1481 3793 1926 3884 'querelarum
1970 3802 2182 3865 totam
2224 3817 2360 3866 non
2388 3793 2593 3867 modo
2617 3797 2719 3865 fa-

564 3912 845 3998 miliam,
895 3914 1018 3986 sed
1055 3915 1377 3987 viciniam
1410 3915 1765 3987 excitavit.
1802 3918 1945 3986 Hoc
1983 3928 2094 3988 est
2119 3919 2304 4011 quod
2331 3939 2564 3990 aevum
2593 3940 2719 3989 no-

566 4043 782 4105 strum
848 4038 1064 4122 dolet,
1131 4038 1262 4110 hoc
1313 4039 1501 4132 quod
1569 4039 1895 4109 iuventus
1952 4050 2189 4112 nostra
2237 4042 2712 4135 conqueritur:

567 4156 854 4224 multum
899 4157 1097 4230 brevi
1143 4170 1446 4251 tempore
1488 4161 1806 4231 variasse
1848 4161 2128 4232 vivendi
2168 4163 2714 4254 senescendique
