3104 4805
856 397 1183 446 rnANcism
1225 398 1573 448 rerumne
1618 399 1962 450 rna-:mmo
2397 385 2424 451 t
2437 394 2464 452 7

342 567 557 639 genus
600 545 1026 637 inexpertum
1068 544 1236 614 mihi
1273 558 1400 618 est.
1438 547 1607 619 Nam
1641 560 1710 619 et
1743 571 1785 619 a
1817 550 2206 644 reipublicae
2233 576 2472 624 mune-

341 669 532 740 ribus
572 665 801 750 abfui,
844 677 913 737 et
950 670 1129 738 sama
1167 691 1320 740 mea
1368 670 1552 741 tenui
1606 693 1957 743 murmure
1996 676 2224 747 forsan
2264 676 2472 747 inter-

339 791 537 875 dum,
578 801 649 861 et
699 789 916 860 sibilis
967 791 1285 862 lacessita
1323 793 1787 879 clandestinis,
1833 798 2091 881 nullum
2142 799 2469 871 hactenus

338 914 525 1008 quod
566 913 934 984 ulciscerer
981 915 1090 984 vel
1141 913 1428 985 vitarem
1486 914 1917 988 iudiciarium
1968 922 2222 991 vulnus
2270 943 2474 993 exce-

341 1039 481 1133 pit:
521 1048 590 1110 et
628 1036 978 1108 verbalem
1020 1039 1196 1108 ferre
1234 1060 1433 1130 opem
1474 1038 1714 1111 alienis
1756 1040 2158 1113 vulneribus
2199 1065 2337 1115 non
2366 1056 2475 1114 est

342 1172 600 1233 nostrae
648 1158 1116 1253 professionis.
1171 1159 1406 1252 Neque
1453 1160 1638 1230 enim
1690 1173 1810 1233 aut
1848 1150 2147 1235 tribunal
2186 1157 2469 1249 ambire,

341 1295 460 1355 aut
507 1287 730 1355 locare
780 1283 1084 1375 linguam
1126 1281 1358 1384 didici,
1402 1284 1816 1356 adversante
1854 1287 2124 1379 penitus
2179 1297 2250 1356 et
2297 1289 2476 1357 relu-

341 1416 562 1478 ctante
601 1417 878 1488 natura3
919 1427 1080 1498 quae
1121 1426 1230 1477 me
1271 1405 1520 1478 silentii
1560 1429 1641 1479 ac
1683 1407 2067 1479 solitudinis
2102 1419 2472 1479 amatorem

342 1529 520 1613 fecit,
590 1529 718 1601 sori
783 1530 1080 1612 hostem,
1134 1531 1441 1623 pecuniae
1491 1540 2046 1624 contemptorem.
2118 1531 2253 1602 Sed
2301 1531 2475 1602 bene

343 1652 589 1724 habet:
641 1652 919 1745 quando
968 1675 1077 1723 me
1125 1654 1276 1724 eius
1329 1654 1427 1724 rei
1474 1676 1614 1726 non
1662 1664 1975 1745 egentem
2025 1654 2181 1724 fecit
2207 1711 2222 1738 ,
2274 1656 2473 1746 cujus

340 1777 511 1848 forte
549 1777 818 1869 inopem
856 1776 1158 1860 fecisset,
1199 1776 1260 1846 si
1290 1798 1586 1868 egerem.
1617 1777 1890 1847 Omissa
1923 1777 2131 1868 igitur
2168 1776 2280 1848 illa
2319 1800 2474 1849 ora-

340 1898 517 1969 toria
553 1896 822 1968 dicendi
871 1897 975 1982 vi,
1029 1921 1167 1991 qua
1216 1922 1341 1970 nec
1388 1921 1561 1990 egeo
1601 1921 1727 1969 nec
1766 1897 2071 1981 abundo,
2123 1907 2191 1967 et
2230 1920 2434 1989 quarn
2453 1954 2468 1981 ,

342 2021 406 2090 si
454 2019 808 2104 exuberet,
862 2019 983 2091 ubi
1030 2042 1390 2092 exerceam
1442 2043 1582 2091 non
1632 2020 1874 2104 habeo,
1919 2022 2052 2092 hoc
2101 2020 2468 2104 mediocre,

340 2140 816 2227 domesticum,
859 2153 929 2213 et
967 2141 1296 2213 familiare
1335 2141 1608 2213 dicendi
1659 2162 1877 2233 genus
1919 2140 2134 2212 amice
2174 2143 2357 2233 leges
2400 2152 2475 2211 ut

340 2265 629 2357 reliqua,
670 2277 742 2336 et
778 2263 940 2335 boni
981 2266 1318 2349 consuleS,
1362 2264 1493 2350 his,
1537 2264 1793 2357 quibus
1835 2264 1905 2333 in
1942 2264 2288 2335 communi
2329 2285 2475 2334 ser-

340 2410 544 2459 mone
584 2387 856 2483 utimur,
892 2399 1125 2482 aptum
1160 2386 1883 2480 accommodatumque
1924 2387 2300 2459 sententiis.
2340 2386 2475 2458 Sed

339 2532 481 2581 non
521 2532 758 2581 omnes
799 2513 965 2583 tales
1006 2510 1268 2583 iudices
1311 2512 1576 2584 habeo:
1629 2535 1849 2605 neque
1898 2512 2079 2582 enim
2123 2522 2240 2584 aut
2289 2511 2470 2583 idem

338 2653 584 2703 omnes
638 2632 962 2717 sentiunt,
1016 2644 1136 2704 aut
1184 2632 1495 2705 similiter
1533 2643 1764 2705 amant
1812 2656 2072 2705 omnes.
2117 2632 2473 2717 Quomodo

341 2766 567 2827 autem
620 2754 940 2827 omnibus
993 2758 1355 2849 placerem,
1408 2754 1518 2827 cui
1583 2757 1850 2850 placere
1914 2736 2149 2849 paucis
2204 2778 2473 2848 semper

341 2878 643 2949 studium
671 2877 843 2949 fuit‘?
870 2878 1147 2972 Triplex
1171 2889 1280 2950 est
1302 2881 1604 2972 profecto
1636 2879 1784 2950 veri
1826 2876 2058 2949 iudicii
2097 2899 2470 2948 venenum:

339 3021 554 3085 amor,
592 3000 847 3085 odium,
884 2999 1165 3072 invidia.
1207 3001 1382 3072 Illud
1420 3011 1650 3073 autem
1685 3001 1861 3086 vide,
1898 3023 1985 3071 ne
2016 2998 2302 3069 nimium
2344 3020 2471 3069 nos

340 3122 659 3206 amando,
705 3123 993 3212 vulgare
1031 3122 1340 3213 coegeris
1405 3144 1567 3214 quae
1633 3122 1876 3193 melius
1943 3118 2346 3191 latuissent:
2377 3131 2475 3189 —ut

336 3244 518 3314 enim
560 3244 682 3314 tihi
723 3266 915 3316 amor
941 3302 956 3329 ‚
1004 3244 1103 3315 sic
1145 3245 1296 3316 aliis
1336 3248 1509 3317 forte
1548 3246 1736 3317 aliud
1770 3245 2036 3318 officiet.
2065 3246 2247 3317 Inter
2286 3266 2475 3315 amo-

337 3364 439 3434 ris
470 3375 694 3436 autem
719 3379 788 3438 et
811 3366 1094 3438 invidiae
1122 3368 1493 3440 caecitatem
1521 3392 1734 3442 causa
1764 3369 2042 3461 quidem
2069 3368 2435 3461 plurimum
2455 3424 2470 3452 ‚

332 3486 579 3559 effectu
613 3490 776 3560 nihil
810 3490 1111 3562 interest.
1149 3491 1415 3578 Odium,
1458 3493 1646 3586 quod
1696 3492 1921 3564 medio
1972 3494 2119 3562 loco
2157 3496 2476 3560 numera-

334 3629 599 3694 veram,
638 3632 761 3681 nec
795 3633 1059 3683 mereor
1091 3622 1301 3698 certe,
1344 3634 1470 3684 nec
1510 3622 1759 3682 metuo.
1805 3611 1939 3681 Sed
1973 3608 2122 3678 fieri
2153 3618 2378 3701 potest
2400 3620 2476 3678 ut

334 3753 558 3822 nugas
599 3754 787 3804 meas
832 3734 953 3804 tibi
992 3734 1274 3819 habere,
1322 3735 1441 3806 tibi
1482 3738 1735 3827 legere,
1780 3733 2011 3825 nilque
2043 3732 2112 3800 in
2152 3732 2254 3801 eis
2290 3730 2473 3802 aliud

332 3875 550 3946 quam
601 3867 874 3927 nostros
928 3876 1007 3928 ac
1055 3847 1447 3930 nostrorum
1489 3879 1696 3929 casus
1738 3854 2132 3927 meminisse
2181 3854 2471 3946 cogites;

328 3976 402 4046 in
443 3999 582 4069 quo
623 3998 767 4048 rem
807 3979 975 4049 mihi
1019 3990 1406 4073 pergratam
1450 3980 1689 4052 seceris
1721 4008 1734 4049 ε
1780 3979 1878 4049 sic
1916 3979 2097 4049 enim
2137 3990 2206 4050 et
2244 3978 2474 4072 petitio

331 4107 450 4169 tua
490 4121 626 4170 non
666 4104 979 4193 neglecta
1017 4101 1389 4186 videbitur,
1432 4113 1501 4173 et
1540 4105 1721 4175 fama
1755 4124 1906 4173 mea
1940 4110 2082 4173 tuta
2114 4103 2261 4173 erit.
2290 4098 2479 4178 Alior

328 4219 499 4311 quin
547 4220 716 4290 nihil
778 4244 1209 4315 supervacuo
1266 4224 1725 4317 nosmetipsos
1778 4226 2014 4297 favore
2071 4220 2470 4314 decipimus

632 4351 667 4390 1.
2127 4352 2132 4360 ·
2196 4340 2228 4388 2
