3104 4805
565 372 651 419 xu
1380 366 1897 421 PROLEGOMENON.

559 511 718 573 disse
750 510 1214 572 ambasciatores
1249 509 1556 571 iliensium
1592 506 1649 566 in
1690 507 1913 586 leqatos
1946 503 2253 567 Iliensium
2280 522 2311 568 3
2340 522 2405 567 30
2427 520 2696 568 commu-

559 619 729 675 tatos.
788 614 982 675 Locus
1024 619 1113 677 est
1155 614 1213 674 in
1266 613 1373 674 litt.
1423 610 1495 670 12
1536 610 1637 672 lib.
1684 610 1752 672 IV
1797 613 2019 689 (Urqet
2054 610 2257 688 dolor)
2301 611 2582 689 nullaque
2623 628 2696 673 ex

557 715 843 778 omnibus
878 733 1031 794 quas
1065 716 1350 779 novimus
1383 714 1791 793 Epistularum
1825 714 2190 777 editionibus
2223 715 2600 778 barbaricam
2634 716 2696 778 il-

555 822 676 882 lam
730 838 948 884 vocem
986 822 1176 883 habet.
1220 821 1308 882 Ex
1350 819 1576 898 quibus
1620 820 1932 896 omnibus,
1968 827 2035 881 ut
2067 820 2222 882 mihi
2258 820 2530 895 videtur,
2564 821 2698 899 plus

555 942 742 1005 quam
782 926 1103 1006 probabilis
1155 924 1310 986 ratio
1363 926 1629 1003 assurgit
1678 925 2066 989 concludendi
2116 926 2380 1005 primam
2420 926 2698 988 omnium

556 1049 696 1111 quae
728 1036 1047 1094 noscantur
1072 1028 1466 1109 epistolarum
1496 1030 1827 1094 editionem
1853 1046 1989 1093 eam
2015 1046 2148 1094 0330
2175 1047 2358 1109 (1113111
2385 1045 2459 1092 ex
2488 1030 2699 1093 Codice

556 1136 853 1201 Dominici
886 1134 1086 1197 Bolani
1121 1134 1386 1198 venetiis
1418 1136 1671 1215 protulit
1705 1134 2090 1198 Sebastianus
2116 1135 2415 1199 Manilius:
2444 1150 2700 1215 eamque

558 1247 847 1322 sequutos
879 1255 1011 1302 0330
1046 1240 1155 1318 (1111
1188 1258 1407 1304 11113113
1442 1241 1707 1304 venetiis
1735 1247 1796 1303 et
1820 1241 2033 1305 deinde
2065 1242 2312 1306 Basileae
2339 1249 2399 1305 et
2423 1242 2701 1320 Lugduni

558 1346 854 1411 Francisci
888 1346 1185 1408 Petrarcae
1220 1346 1498 1426 epistolas
1535 1347 1761 1409 iterum
1796 1347 2060 1412 edidere.

714 1452 859 1524 Quae
892 1467 1086 1530 quum
1121 1451 1202 1515 ita
1235 1452 1374 1527 sint,
1412 1453 1475 1514 in
1506 1458 1793 1532 promptu
1830 1452 1985 1516 ratio
2022 1459 2112 1514 est
2144 1469 2257 1515 cur
2292 1459 2427 1515 octo
2465 1458 2700 1515 tantum

557 1556 692 1619 libri
731 1557 819 1618 De
868 1556 1047 1619 rebus
1088 1557 1498 1635 familiaribus
1554 1573 1793 1636 semper
1828 1556 1974 1619 editi
2005 1556 2259 1620 fuerint:
2296 1558 2442 1637 quia
2475 1558 2700 1621 30111001

553 1661 814 1741 primam
849 1661 1012 1724 illam
1046 1662 1377 1726 editionem
1419 1678 1633 1725 omnes
1675 1662 1949 1740 sequuti,
1985 1661 2129 1725 satis
2172 1678 2286 1724 suo
2331 1663 2578 1725 muneri
2617 1663 2695 1724 fe-

551 1765 706 1828 cisse
741 1766 861 1829 visi
894 1774 1066 1844 sunt,
1102 1769 1249 1846 quin
1284 1769 1360 1831 de
1391 1768 1653 1831 aliorum
1686 1767 1987 1831 librorum
2022 1767 2417 1846 inquisitione
2449 1769 2696 1847 diligen-

554 1870 676 1934 tius
717 1878 1019 1935 curarent.
1065 1871 1259 1944 Quam
1302 1880 1588 1935 veterum
1630 1871 1934 1936 editorum
1977 1872 2282 1951 ignaviam
2326 1872 2386 1935 id
2424 1872 2698 1935 fortassis

553 1982 802 2040 excusat
862 1978 1026 2056 quod
1088 1978 1208 2040 (1110
1268 1977 1369 2040 3111
1430 1977 1492 2039 111
1554 1978 1716 2041 113113
1777 1978 2085 2055 extabant,
2141 1982 2344 2039 extant
2406 1983 2464 2038 et
2526 1976 2703 2039 bodie

554 2081 822 2158 codices,
879 2081 1126 2143 vivente
1180 2081 1372 2143 adhuc
1424 2082 1704 2144 Petrarca
1757 2084 1854 2146 vel
1906 2083 2014 2146 vix
2057 2099 2129 2145 eo
2174 2099 2208 2145 0
2250 2080 2416 2144 vivis
2468 2081 2701 2144 sublato

558 2186 820 2263 exarati,
855 2186 963 2265 qui
997 2190 1130 2247 octo
1166 2191 1402 2247 tantum
1444 2184 1632 2247 libros
1673 2187 1885 2248 ordine
1922 2188 2156 2266 primos
2200 2188 2275 2249 de
2316 2185 2499 2248 rebus
2539 2186 2704 2248 fami-

558 2290 813 2354 liaribus
845 2289 1180 2362 continent;
1216 2303 1532 2366 quumque
1566 2288 1714 2350 nihil
1739 2287 1800 2349 in
1830 2288 1905 2350 iis
1936 2288 2280 2367 reperiatur
2313 2304 2386 2350 ex
2413 2305 2536 2367 (1110
2563 2305 2695 2350 sex-

557 2395 754 2458 decim
787 2393 1049 2457 aliorum
1083 2393 1351 2456 desectus
1385 2393 1561 2472 argui
1594 2399 1804 2473 queat,
1839 2392 1999 2455 baud
2031 2391 2366 2456 editoribus
2407 2392 2526 2457 illis
2568 2411 2697 2456 suc-

556 2500 923 2563 censendum
958 2504 1050 2561 est
1084 2499 1246 2576 quod
1280 2499 1352 2562 de
1386 2512 1570 2576 opere
1606 2498 1667 2560 in
1700 2499 2005 2575 integrum
2041 2498 2413 2562 restituendo
2446 2515 2566 2562 non
2599 2515 2698 2561 co-

559 2604 900 2682 gitaverint.

711 2709 941 2772 Accidit
973 2715 1174 2771 tamen
1211 2715 1279 2771 ut
1311 2710 1613 2772 nonnullae
1646 2726 1721 2773 ex
1755 2708 2022 2791 epistolis
2054 2727 2192 2789 quae
2228 2711 2385 2773 inter
2418 2712 2698 2774 Familia·

553 2833 655 2877 res
689 2815 892 2877 locum
926 2814 1148 2877 babere
1180 2815 1524 2878 debuissent
1566 2815 1693 2877 suis
1734 2817 1964 2879 avulsae
1994 2817 2143 2879 locis
2176 2818 2250 2880 ad
2283 2834 2501 2880 manus
2539 2823 2696 2879 vete·

554 2937 696 2983 rum
728 2921 1037 2984 editorum
1068 2921 1490 3000 pervenerint,
1514 2921 1623 3000 qui
1657 2921 1783 2985 illas
1813 2921 1968 2984 inter
2002 2922 2218 2985 Varias
2246 2938 2367 3000 quo
2394 2922 2572 2984 libuit
2603 2938 2696 2984 or·

554 3026 692 3089 dine
738 3026 1126 3089 collocarunt.
1178 3026 1251 3087 At
1314 3027 1535 3088 saeculo
1597 3026 1843 3089 ineunte
1900 3027 2045 3090 XVII
2096 3026 2338 3091 Samuel
2391 3027 2700 3107 Crispinus

556 3131 964 3211 typographus
1017 3130 1433 3208 Lugdunensis
1481 3131 1753 3195 codicem
1806 3132 2192 3195 rarissimum
2237 3133 2473 3196 invenit
2518 3148 2700 3211 penes

558 3235 638 3297 lo.
674 3233 1016 3298 Chalasium
1050 3234 1550 3298 iurisconsultum
1583 3244 1985 3314 asservatum,
2023 3239 2084 3299 in
2118 3254 2240 3316 (1110
2274 3238 2372 3300 Fr.
2407 3239 2702 3300 Petrarcae

555 3339 824 3418 epistolae
864 3339 1000 3417 plus
1042 3338 1247 3401 minus
1287 3341 1662 3418 septuaginta
1705 3341 2164 3420 reperiebantur
2206 3343 2281 3405 ad
2332 3340 2494 3405 illam
2538 3341 2702 3404 diem

555 3444 746 3507 adhuc
782 3443 1051 3516 ineditae,
1087 3459 1352 3521 quarum
1388 3444 1485 3505 ille
1520 3445 1723 3507 statim
1768 3446 2096 3509 editionem
2139 3447 2567 3526 perficiendam
2607 3464 2703 3508 cu-

556 3548 745 3624 ravit,
782 3546 959 3610 cuius
994 3559 1176 3627 supra
1211 3548 1610 3612 meminimus
1647 3549 1744 3630 (n0
1775 3549 1949 3631 XlV).
1985 3552 2128 3613 Erat
2169 3551 2328 3613 forte
2369 3551 2466 3614 ille
2512 3553 2700 3614 codex

560 3655 776 3732 integri
808 3653 1056 3717 alterius
1087 3653 1528 3732 fragmentum,
1564 3671 1830 3734 cumque
1856 3656 2035 3718 nollet
2073 3655 2505 3734 typographus,
2542 3654 2595 3714 si
2627 3656 2701 3716 ad

557 3775 777 3820 verum
811 3758 1114 3821 librorum
1133 3775 1467 3822 numerum
1487 3777 1678 3823 novas
1699 3761 1827 3824 illas
1847 3761 2075 3825 litteras
2095 3762 2373 3836 referret,
2397 3761 2698 3823 defectum

555 3863 837 3941 priorum
881 3870 941 3925 01
985 3864 1347 3942 sequiorum
1396 3866 1455 3926 in
1510 3866 1826 3943 propatulo
1879 3882 2133 3945 ponere,
2179 3866 2304 3928 illas
2344 3880 2463 3925 non
2516 3864 2697 3924 inter·

558 3972 738 4045 rupto
773 3968 985 4030 ordine
1016 3975 1149 4048 post
1188 3976 1472 4032 octavum
1498 3969 1754 4045 librum,
1791 3972 1898 4050 qui
1927 3972 1987 4034 in
2015 3971 2299 4035 anteactis
2333 3966 2698 4030 editionibus

557 4078 686 4135 erat
704 4079 1083 4151 postremus,
1105 4076 1390 4137 continua
1426 4075 1586 4137 serie
1616 4077 1783 4155 prelo
1810 4077 2136 4141 mandavit.
2165 4073 2543 4152 Quapropter
2569 4072 2698 4134 suis

559 4179 619 4240 in
653 4178 822 4241 libris
855 4178 954 4253 IX,
992 4179 1035 4240 X
1071 4185 1130 4240 et
1164 4179 1233 4241 Xl
1270 4181 1320 4243 is
1353 4180 1584 4244 litteras
1625 4183 1786 4246 dedit
1830 4199 1968 4259 (11131
2002 4199 2034 4243 3
2070 4180 2163 4242 Fr.
2209 4180 2484 4242 Petrarca
2529 4179 2589 4241 in
2633 4179 2696 4240 li-
