3104 4805
901 367 1086 415 LlBER
1131 368 1454 417 SEPTIMUS.
1478 387 1560 399 —
1580 369 1885 418 EPISTOLA
1926 370 2012 417 111.
2414 356 2532 419 365

373 511 569 583 vitiis
636 511 969 598 infeliceS,
1028 517 1139 584 vel
1191 514 1260 583 in
1312 523 1718 609 paupertate
1776 513 2152 585 felicissimi
2215 515 2531 588 fuissent.

374 635 902 731 Spernebantur
948 637 1224 709 inutiles
1281 659 1453 730 opes
1510 637 1755 723 Croesi,
1811 646 1883 706 et
1919 638 2269 709 funestum
2333 637 2538 711 Midae

372 782 661 844 aurum,
730 770 801 830 et
847 759 1157 856 Dionysii
1226 760 1603 854 Crassique
1669 760 1885 853 spolia
1944 759 2220 853 templis
2269 764 2535 832 avulsa.

371 881 830 952 Laudabatur
878 882 1281 967 Cincinnati,
1337 882 1612 975 Reguli,
1668 882 1878 967 Curii,
1933 881 2227 953 Fabricii
2268 881 2434 952 felix
2471 893 2544 955 et

373 1005 684 1097 gloriosa
736 1006 1126 1099 pauperies.
1181 1005 1579 1079 Accedebat
1627 1005 1813 1077 acies
1864 1003 2220 1077 hominum
2271 1013 2544 1076 nostro-

375 1151 561 1213 rum,
615 1129 732 1221 qui
788 1128 955 1200 nudi
1005 1128 1074 1200 in
1136 1129 1538 1214 solitudine,
1599 1127 2002 1220 solibusque
2054 1137 2126 1197 et
2173 1125 2545 1219 frigoribus

353 1246 641 1335 adusti,
700 1250 1046 1323 radicibus
1101 1252 1476 1325 herbarum
1527 1261 1600 1323 et
1658 1250 2101 1323 silvestribus
2151 1249 2383 1323 baccis
2424 1271 2547 1343 pa-

381 1372 505 1457 sti,
574 1394 700 1466 pro
768 1381 952 1444 tecto
1016 1375 1299 1459 coelum,
1348 1384 1597 1447 terram
1643 1373 1980 1446 habentes
2020 1394 2147 1465 pro
2194 1371 2539 1458 cubiculo,

376 1519 538 1568 cum
584 1497 938 1591 voluptate
981 1504 1356 1569 torrentem
1401 1497 1757 1569 turbidum
1807 1495 2220 1580 hauserunt,
2265 1516 2548 1590 aspero-

378 1642 521 1712 que
583 1627 655 1688 et
710 1627 1011 1712 angusto
1069 1621 1242 1692 calle
1296 1618 1726 1712 gradienteS,
1783 1639 1908 1714 spe
1957 1617 2200 1712 patriae
2246 1618 2546 1691 melioris

382 1740 613 1813 omnia
653 1722 943 1834 prorsus
987 1743 1300 1814 mortalia
1341 1750 1955 1835 comtempserunt.
2000 1742 2371 1826 Caeterum,
2408 1763 2547 1834 quo

386 1866 585 1957 plura
628 1864 837 1937 huius
879 1866 1155 1957 generis
1198 1865 1689 1957 ingerebantur
1739 1867 2087 1959 exempla,
2130 1886 2214 1937 eo
2260 1865 2547 1958 gravius

388 1989 817 2074 dolebamuS,
846 2012 932 2061 ea
957 2012 1096 2061 non
1129 1989 1399 2062 vidisse
1432 2011 1560 2061 nos
1597 1989 1669 2060 in
1707 1998 2045 2082 tempore,
2086 1989 2215 2061 sed
2249 1988 2319 2059 in
2354 1998 2549 2081 tergo

396 2111 511 2205 (ut
566 2111 787 2204 aiunt)
856 2113 1095 2183 oculos
1162 2110 1520 2182 babuisse.
1566 2112 1877 2204 Denique
1943 2109 2045 2182 sic
2108 2131 2419 2196 eramuS,
2472 2119 2551 2181 ut

391 2235 548 2320 iam,
592 2255 681 2305 ne
718 2241 949 2328 coepto
987 2235 1329 2306 vellemus
1365 2233 1728 2319 absistere,
1776 2235 1967 2306 solus
2001 2233 2295 2307 cedendi
2326 2234 2553 2330 pudor

394 2355 786 2429 obsisteret.
838 2358 927 2427 Et
978 2356 1113 2428 iam
1168 2355 1474 2451 supremi
1538 2355 1937 2428 certaminis
2004 2356 2308 2431 instabat
2355 2359 2546 2448 alea;

390 2501 545 2550 cum
592 2490 871 2574 repente
914 2479 1145 2551 medio
1186 2479 1426 2564 noctis,
1470 2479 1574 2551 ira
1614 2489 1941 2574 metuque
1994 2479 2246 2552 anxius
2295 2501 2552 2574 exper-

392 2602 644 2695 giscor.
698 2603 982 2676 Gelidus
1028 2603 1242 2675 sudor
1275 2625 1527 2698 corpus
1569 2625 1775 2675 omne
1815 2602 2235 2697 perfuderat.
2290 2605 2391 2677 Ita
2440 2627 2552 2676 me

390 2725 729 2798 Divinitas
785 2728 1055 2798 salvum
1121 2725 1311 2809 velit,
1367 2734 1443 2798 ut
1494 2748 1628 2819 ego
1693 2725 1981 2820 perinde
2031 2726 2262 2797 fessus
2317 2725 2546 2810 animi,

391 2851 765 2942 fessusque
817 2848 1288 2921 membrorum
1354 2871 1587 2936 eram,
1640 2872 1720 2922 ac
1772 2849 1832 2921 si
1882 2871 2100 2943 grave
2158 2849 2551 2942 durumque

389 2972 777 3066 negotium,
821 2995 959 3044 non
1001 2973 1381 3058 somnianS,
1438 2973 1566 3046 sed
1606 2973 1936 3065 vigilans,
1972 2973 2375 3066 agitassem.
2411 2973 2553 3043 Nec

392 3097 588 3169 facile
625 3095 761 3167 dici
802 3103 1031 3187 potest
1092 3119 1303 3188 quam
1354 3098 1557 3168 laetus
1607 3096 1733 3181 fui,
1791 3096 1908 3168 ubi
1974 3097 2163 3168 sensi
2227 3118 2338 3166 me
2403 3095 2554 3165 the-

395 3240 607 3290 sauro
642 3218 849 3288 simul
882 3226 953 3287 et
985 3217 1420 3289 solicitudine
1455 3217 1846 3301 liberatum,
1888 3227 1960 3288 et
1994 3226 2259 3287 tantum
2294 3214 2552 3288 habere

393 3347 733 3430 quantum
784 3338 929 3421 alit,
983 3358 1123 3407 non
1171 3346 1506 3429 quantum
1566 3339 1801 3429 angit3
1856 3348 2333 3432 quantumque
2389 3339 2553 3410 vitae

399 3460 673 3543 sufficit,
741 3479 880 3529 non
942 3467 1277 3550 quantum
1345 3459 1605 3529 affluit:
1658 3481 2008 3553 quamque
2059 3483 2184 3554 per
2232 3482 2551 3533 somnum

397 3583 469 3654 in
531 3604 616 3653 ea
682 3580 1024 3654 sententia
1090 3582 1440 3653 radicatus
1506 3605 1692 3668 sum,
1740 3606 1952 3678 quam
2016 3586 2184 3656 mihi
2250 3585 2550 3679 vigilans

403 3705 791 3798 persuadeo
851 3726 1012 3776 esse
1077 3703 1551 3792 verissimam,
1601 3707 1873 3793 scilicet,
1926 3710 2084 3802 plus
2134 3708 2294 3781 mali
2342 3731 2550 3803 quam

400 3825 562 3898 boni
626 3825 895 3921 cupidis
946 3826 1355 3898 mortalibus
1418 3827 1665 3900 afferre
1724 3827 2026 3901 divitias,
2088 3830 2373 3902 Surrexi
2430 3831 2552 3903 de-

403 3974 593 4021 mum
647 3951 818 4022 hora
874 3947 1075 4020 solita
1118 3951 1723 4045 (consuetudinem
1765 3974 1991 4024 meam
2034 3953 2297 4050 nosti);
2348 3956 2552 4027 dum-

401 4098 566 4170 que,
611 4076 1030 4171 quotidianis
1069 4076 1388 4151 laudibus
1427 4079 1576 4149 Deo
1632 4075 1858 4163 dictis,
1904 4100 1997 4149 ex
2041 4101 2228 4152 more
2266 4102 2546 4153 manum

405 4202 668 4273 calamo
699 4201 1185 4295 applicuissem
1218 4227 1232 4286 ;
1273 4202 1405 4275 hoc
1443 4201 1761 4296 primum,
1790 4203 1981 4296 quod
2009 4204 2308 4299 sopitum
2341 4227 2549 4278 exer-
