3104 4805
968 396 1153 444 LIBER
1197 397 1441 446 PRmUS.
1462 416 1543 429 -·
1564 399 1868 448 EPISTOLA
1909 401 1994 449 111.
2474 399 2541 459 41

408 550 536 621 tuit
572 557 733 641 post
770 566 1096 618 eversam
1130 547 1557 632 Corinthum,
1614 560 1770 640 post
1820 559 2161 623 vastatam
2211 555 2557 641 AEtoliamr

405 683 563 767 post
600 670 828 763 Argos
863 680 934 741 et
966 671 1293 767 Mycenas
1335 682 1770 765 caeterasque
1811 672 2024 744 urbes
2060 675 2548 769 triumphataS,

403 808 561 889 post
599 793 1025 868 Macedoniae
1053 816 1257 886 reges
1283 805 1545 888 captOS,
1576 796 2061 891 Pyrrhumque
2086 797 2457 887 devictum,
2487 815 2558 875 et

406 921 765 992 madentes
805 919 1055 989 iterum
1104 916 1407 989 Asiatico
1455 940 1702 990 cruore
1753 918 2295 1016 Thermopylas?
2335 924 2557 997 Credo

407 1042 754 1114 neminem
820 1051 1231 1133 negaturum
1293 1041 1642 1134 aliquanto
1705 1041 1958 1114 clarius
2041 1043 2347 1117 Italicum
2397 1069 2557 1120 esse

406 1189 615 1260 quam
654 1166 1003 1247 Graecum3
1048 1164 1177 1236 sed
1216 1162 1306 1235 de
1344 1165 1475 1237 hoc
1512 1166 1688 1237 forte
1731 1165 1933 1236 alibi:
1971 1189 2154 1239 nunc
2195 1168 2265 1239 in
2298 1170 2556 1244 Gallias

408 1266 860 1360 revertamur.
888 1287 1306 1359 Parisiorum
1339 1287 1688 1359 civitatem
1723 1289 1920 1380 regni
1952 1302 2183 1384 caput,
2227 1315 2388 1386 quae
2435 1318 2560 1365 au-

408 1422 664 1482 ctorem
705 1409 951 1482 Iulium
1006 1413 1356 1483 Caesarem
1419 1411 1829 1504 praetendit,
1899 1412 2126 1486 introii
2176 1439 2314 1488 non
2361 1416 2559 1489 aliter

408 1534 634 1607 animo
674 1535 991 1619 affectuS‚
1041 1556 1250 1628 quam
1288 1534 1451 1606 olim
1494 1535 1877 1606 Thessaliae
1949 1535 2297 1610 civitatem
2327 1541 2559 1637 Hypa-

410 1661 548 1723 tam
589 1652 755 1724 dum
796 1651 1135 1724 lustrabat
1173 1651 1530 1746 Apuleius.
1576 1652 1680 1724 Ita
1718 1653 1902 1724 enim
1947 1654 2232 1727 sollicito
2276 1668 2557 1750 stupore

409 1797 825 1867 suspensus,
870 1787 939 1848 et
977 1785 1223 1849 cuncta
1260 1775 1857 1869 circumspicienS,
1903 1776 2328 1872 videndique
2367 1781 2559 1875 cupi-

409 1897 545 1968 dus
586 1898 1125 1991 explorandique
1166 1919 1336 1969 vera
1374 1921 1463 1969 ne
1496 1919 1587 1968 an
1634 1895 1790 1969 ficta
1829 1909 2072 1969 essent
2110 1922 2272 1992 quae
2311 1902 2402 1972 de
2440 1904 2557 1976 illa

411 2018 685 2091 civitate
717 2019 1095 2106 audieram,
1125 2044 1264 2093 non
1299 2043 1594 2113 parvum
1629 2020 1699 2091 in
1737 2043 1822 2093 ea
1857 2032 2130 2116 tempus
2167 2023 2552 2118 absumpsi,

410 2152 482 2213 et
511 2143 826 2235 quotiens
864 2143 1056 2237 operi
1095 2146 1220 2215 lux
1268 2145 1511 2231 defuit,
1566 2156 1837 2216 noctem
1895 2146 2366 2238 superaddidi.
2418 2151 2558 2220 De·
2633 2202 2640 2211 .

408 2288 599 2336 mum
639 2265 1006 2337 ambiendo
1039 2278 1110 2338 et
1157 2266 1483 2340 inhiando
1535 2289 1788 2359 magna
1837 2289 1933 2338 ex
1981 2279 2178 2362 parte
2226 2269 2557 2342 didicisse

413 2387 656 2460 videor
694 2388 850 2482 quis
891 2389 961 2460 in
1011 2390 1256 2463 eadem
1308 2391 1606 2478 veritati,
1661 2390 1818 2484 quis
1872 2389 2122 2465 fabulis
2176 2395 2368 2467 locus
2421 2395 2553 2478 sit;

412 2532 592 2604 quae,
637 2513 960 2604 quoniam
999 2516 1206 2605 longa
1244 2515 1546 2586 narratio
1586 2526 1726 2600 est,
1765 2538 1994 2609 neque
2028 2516 2161 2588 hoc
2196 2519 2343 2589 loco
2384 2518 2556 2590 satis

413 2635 866 2728 explicabiliS,
903 2636 1284 2710 differenda
1322 2649 1461 2722 est,
1507 2639 1733 2710 donec
1772 2661 1866 2709 ex
1906 2661 2018 2709 me
2057 2641 2286 2712 omnia
2324 2664 2556 2714 coram

412 2759 678 2833 audies,
741 2759 1150 2832 Gandavum
1217 2783 1494 2854 quoque
1549 2759 1650 2855 (ut
1707 2762 1938 2833 media
1989 2763 2255 2856 sileam)
2310 2766 2555 2836 eodem

411 2884 762 2955 conditore
803 2883 1182 2976 superbum
1224 2883 1395 2969 vidi,
1441 2893 1510 2954 et
1541 2895 1834 2956 caeteros
1871 2884 2216 2955 Flandriae
2251 2885 2558 2956 Barban-

414 3007 660 3101 tiaeque
701 3009 990 3100 populos
1033 3006 1339 3079 lanificos
1381 3018 1590 3101 atque
1633 3016 1965 3078 textores.
2020 3006 2179 3077 Vidi
2220 3007 2555 3078 Leodium

411 3127 755 3222 insignem
794 3131 981 3202 clero
1031 3132 1285 3202 locum:
1338 3130 1484 3201 vidi
1534 3129 1940 3224 Aquensem
1994 3129 2218 3201 Caroli
2270 3130 2510 3202 sedem
2536 3187 2552 3215 ‚

410 3262 483 3322 et
518 3252 588 3322 in
629 3256 883 3346 templo
922 3274 1310 3324 marmoreo
1351 3251 1739 3323 verendum
1773 3251 2090 3325 barbaris
2128 3252 2451 3344 gentibus
2477 3253 2558 3322 il-

414 3374 548 3445 lius
581 3375 905 3468 principis
943 3378 1356 3469 sepulcrum.
1396 3375 1525 3446 Ubi
1558 3375 1883 3448 fabellam
1917 3375 2183 3461 audivi,
2231 3399 2370 3447 non
2412 3377 2560 3446 ina-

414 3519 713 3568 moenam
736 3499 1030 3591 cognita,
1052 3523 1094 3572 a
1119 3499 1536 3594 quibusdam
1564 3502 1798 3594 templi
1828 3500 2327 3584 sacerdotibus
2349 3522 2556 3590 quam

414 3619 737 3711 scriptam
776 3622 944 3692 mihi
1005 3623 1481 3707 ostenderunt,
1550 3633 1621 3691 et
1674 3631 1920 3714 postea
1959 3620 2147 3712 apud
2185 3621 2556 3692 modernos

414 3744 784 3838 scriptores
848 3749 1233 3820 accuratius
1290 3748 1498 3819 etiam
1550 3753 1908 3816 tractatam
1963 3742 2121 3834 legi,
2186 3764 2394 3835 quam
2436 3743 2557 3814 tibi

407 3889 687 3960 quoque
720 3878 795 3939 ut
826 3872 1116 3942 referam
1140 3869 1377 3942 incidit
1408 3867 1718 3940 animus:
1745 3867 1839 3938 ita
1867 3876 2124 3950 tamen,
2156 3876 2232 3937 ut
2256 3864 2355 3936 rei
2382 3864 2555 3938 fides

408 4013 546 4063 non
595 3992 783 4083 apud
820 4015 931 4064 me
970 4003 1352 4085 quaeratur,
1399 3991 1523 4064 sed
1568 3990 1669 4086 (ut
1706 3987 1921 4083 aiunt)
1974 4010 2187 4081 penes
2238 3998 2554 4060 auctores

405 4127 697 4188 maneat.
715 4117 1037 4190 Carolum
1064 4138 1319 4207 regem,
1350 4139 1558 4210 quem
1586 4112 1819 4206 magni
1844 4113 2249 4205 cognomine
2275 4134 2556 4205 aequare

402 4238 724 4333 Pompeio
797 4253 870 4313 et
943 4239 1343 4311 Alexandro
1416 4240 1696 4322 audent,
1775 4237 2246 4310 mulierculam
2311 4257 2556 4327 quam·
