3104 4805
910 407 1095 455 unnn
1139 407 1906 457 SECUNDUS.—EPISTOLA
1953 411 2034 458 111.
2467 400 2546 460 95

395 558 670 649 utrique
722 555 1022 648 partium
1072 554 1381 645 ignotus,
1426 554 1773 639 interfuit,
1819 565 1890 624 et
1927 557 2231 626 omnium
2283 560 2551 629 conses-

397 678 620 760 sione,
666 675 874 746 unius
917 674 1215 745 hominis
1258 676 1700 766 praesentiam
1749 684 1860 745 est
1908 686 2199 767 sequuta
2238 678 2547 749 victoria.

396 798 596 869 Haud
635 795 989 887 ambigua,
1032 796 1163 866 'sed
1207 795 1327 865 tibi
1360 794 1492 888 ipsi
1533 817 1745 887 quam
1791 797 1957 866 mihi
2009 799 2275 869 notiora
2318 823 2552 872 recen-

398 940 537 990 seo.
583 918 753 1003 Quis
793 938 962 1007 ergo
1003 917 1336 987 miserum
1379 917 1566 1009 dicat,
1612 917 1798 989 hunc
1844 920 2150 1003 exulem,
2204 942 2363 991 cum
2415 944 2553 1014 quo

400 1050 631 1113 tantus
675 1040 1008 1111 virtutum
1041 1038 1407 1110 comitatus
1442 1039 1820 1111 exulabat?
1853 1042 2074 1125 Quem
2110 1053 2270 1134 post
2302 1044 2556 1116 decen-

398 1184 558 1233 nem
623 1162 732 1232 sui
791 1161 1286 1253 experientiam
1337 1162 1409 1230 in
1458 1163 1754 1256 priorem
1819 1174 2074 1235 statum
2127 1187 2297 1236 vera
2347 1166 2554 1237 animi

400 1283 826 1374 magnitud0‚
894 1304 1034 1353 non
1092 1280 1363 1353 fortu‘na
1417 1286 1772 1375 reposuit?
1821 1287 1960 1357 Sed
2016 1308 2355 1378 quorsum
2397 1286 2552 1357 haec

402 1418 537 1476 tam
580 1405 952 1475 multorum
991 1405 1465 1495 exemplorum
1499 1407 1960 1499 conquisitio?
2003 1409 2090 1481 Ut
2132 1431 2331 1480 nemo
2373 1429 2558 1500 prae-

404 1526 577 1597 senti
643 1528 824 1596 malo
874 1526 1228 1610 attonituS‚
1282 1535 1656 1598 venturum
1706 1529 2029 1620 opinione
2078 1539 2552 1623 praeoccupet,

401 1657 471 1718 et
506 1648 936 1719 mediocriter
987 1647 1185 1739 gravi
1223 1648 1434 1719 exilio
1485 1651 1981 1740 gravissimum
2026 1655 2365 1724 malorum
2407 1675 2558 1723 om-

404 1769 612 1853 nium,
644 1769 1218 1862 desperationem,
1248 1773 1655 1841 accumulet.
1686 1773 2261 1865 Praesertim-cum
2288 1797 2426 1846 non
2447 1795 2559 1844 so-

409 1892 547 1961 lum
572 1891 794 1962 virtus
820 1912 1136 1984 operosa,
1156 1914 1242 1963 ea
1268 1914 1430 1985 quae
1457 1894 1881 1986 Stephanum
1911 1895 2140 1987 ipsum
2167 1896 2236 1965 in
2263 1898 2556 1988 patriam

407 2014 700 2097 revexit,
746 2014 896 2098 sed,
935 2015 1214 2085 mutatis
1253 2036 1441 2108 saepe
1468 2017 1879 2107 populorum
1907 2017 2244 2102 moribus,
2275 2022 2390 2089 vel
2415 2018 2560 2089 dis-

407 2134 638 2207 sensio
681 2136 1136 2220 simultatum,
1166 2138 1279 2208 vel
1318 2136 1501 2231 (quae
1535 2140 1718 2207 feros
1744 2137 2011 2209 animos
2040 2137 2328 2233 mitigat)
2358 2141 2561 2229 longa

405 2254 578 2339 dies,
622 2258 737 2327 vel
788 2256 1099 2328 incidens
1137 2258 1646 2330 commiseratio
1698 2281 1836 2329 non
1887 2260 2100 2352 digna
2150 2263 2555 2354 patientum,

406 2379 517 2448 vel
542 2377 692 2470 ipsa
736 2378 961 2452 tacitae
987 2378 1265 2452 virtutis
1293 2380 1683 2467 admiratio,
1715 2384 1828 2453 vel
1856 2382 2249 2477 impensum
2284 2383 2557 2456 civibus

408 2502 556 2570 suis
604 2500 1039 2593 obsequium,
1086 2504 1195 2574 vel
1240 2502 1536 2593 publicae
1590 2504 2021 2576 necessitatis
2072 2506 2344 2577 occasio
2378 2562 2393 2590 ,
2450 2508 2559 2577 vel

408 2623 636 2715 aliqua
699 2624 810 2693 vis
872 2626 1164 2696 fortunae
1224 2623 1431 2695 finem
1485 2626 1833 2718 imponere
1883 2627 2105 2719 possit
2154 2629 2413 2699 exilio?
2462 2629 2563 2698 Ne

406 2744 564 2836 quis
602 2755 959 2836 praeterea,
989 2746 1177 2838 quod
1203 2745 1352 2838 ipse
1390 2747 1727 2839 depulsus
1762 2749 1867 2832 sit,
1906 2749 2239 2820 virtutum
2277 2770 2561 2819 suarum

410 2864 717 2956 proiiciat
738 2875 1162 2949 ornamenta,
1192 2888 1412 2956 grave
1433 2869 1772 2959 cogitans,
1790 2869 2304 2963 preciosissima
2331 2874 2561 2939 reru'm

409 2987 475 3056 in
514 2987 801 3058 exilium
839 2990 1039 3071 ferre,
1096 3010 1254 3059 cum
1318 2988 1565 3060 viliora
1621 3013 1760 3062 non
1812 2991 2027 3062 liceat.
2090 2991 2332 3083 Neque
2382 2989 2566 3061 enim

409 3133 667 3181 novum
698 3120 811 3182 est
843 3122 947 3194 ut,
983 3110 1343 3182 efferentes
1386 3133 1700 3202 gemmas
1743 3123 1952 3207 atque
1996 3137 2261 3199 aurum,
2303 3112 2569 3184 urbana

408 3232 673 3322 praedia
709 3243 780 3303 et
826 3255 1101 3304 omnem
1152 3232 1460 3304 inutilem
1508 3245 1630 3306 aut
1674 3258 2042 3309 onerosam
2099 3237 2441 3308 sarcinam
2492 3236 2561 3304 in

412 3352 727 3425 incendio
766 3354 1260 3447 relinquamus.
1322 3355 1522 3440 Quod
1586 3357 1644 3427 si
1705 3379 1954 3429 aurum
2011 3359 2191 3429 inter
2258 3358 2568 3449 preciosa

412 3476 916 3547 numerandum
954 3498 1117 3548 esse
1158 3498 1575 3569 persuasum
1608 3491 1718 3550 est
1751 3479 2179 3562 hominibuS,
2217 3476 2386 3569 quid
2424 3486 2572 3545 tan—

410 3592 568 3665 dem
609 3596 698 3667 de
737 3573 1110 3669 virtutibus
1147 3597 1591 3671 iudicandum
1635 3602 1791 3667 est?

732 3778 923 3843 Vilius
954 3788 1276 3858 argentum
1310 3786 1400 3840 est
1435 3794 1619 3854 auro,
1659 3777 1993 3840 virtutibus
2027 3790 2271 3838 aurum.

412 3957 654 4052 Atqui,
700 3984 855 4033 cum
907 3986 1046 4035 non
1124 3985 1311 4057 saepe
1367 3965 1438 4035 in
1499 3963 1787 4034 exilium
1839 3965 2019 4034 ferre
2078 3968 2441 4052 argentum
2506 3969 2577 4029 et

414 4103 659 4154 aurum
714 4085 1049 4170 sinamur,
1104 4108 1542 4178 quocumque
1592 4086 1903 4170 ferimur,
1950 4084 2242 4155 virtutes
2285 4093 2356 4152 et
2393 4081 2575 4152 hona

416 4204 622 4273 animi
666 4207 845 4277 ferre
874 4206 1362 4298 permittimur:
1393 4208 1581 4300 quod
1608 4207 1856 4278 fecisse
1891 4206 2200 4277 vidimus
2229 4224 2375 4288 θος,
2405 4221 2578 4292 quo-
