3104 4805
552 367 668 427 176
1225 386 1305 435 nr:
1349 386 1551 436 Rssnus
1594 387 2035 439 rAmuAmssus

551 545 712 619 quae
749 528 862 598 vel
903 548 999 598 ex
1041 525 1235 598 libris
1276 531 1391 601 vel
1417 552 1457 600 e
1492 530 1725 603 media
1751 519 1897 603 vita
1930 531 2286 605 hominum
2310 548 2700 622 occurrunt,

550 669 710 741 quae
751 659 916 721 sunt
955 652 1172 722 multa
1210 660 1282 722 et
1323 653 1545 738 varia,
1585 654 1736 726 haec
1786 677 2060 727 summa
2093 667 2225 728 est.
2269 659 2459 730 Dura
2509 670 2700 744 sunt,

547 772 789 856 fateor,
834 780 906 843 et
944 775 1211 865 gravia,
1253 786 1323 845 et
1373 774 1717 849 inamoena
1769 798 1929 872 quae
1981 777 2258 872 pateris.
2317 780 2544 852 Unum
2594 792 2705 855 est

548 893 922 966 difficilium
965 898 1311 983 levamen,
1357 899 1707 993 patientia,
1756 900 1815 971 si
1855 900 2159 974 humana
2197 902 2541 996 despicias
2569 962 2584 990 ,
2641 905 2701 976 si

549 1025 616 1088 te
657 1038 792 1087 non
835 1018 926 1090 ad
964 1020 1274 1107 delicias,
1314 1022 1441 1095 sed
1480 1024 1571 1096 ad
1612 1024 1918 1097 laborem
1961 1027 2031 1097 in
2065 1027 2246 1100 hanc
2296 1030 2464 1100 vitae
2513 1033 2701 1123 pale-

548 1152 765 1215 stram
806 1144 1257 1219 descendisse
1291 1149 1719 1235 memineris,
1779 1149 1839 1221 si
1890 1172 2147 1243 magno
2197 1152 2357 1224 nisu
2400 1152 2697 1226 adversa

550 1266 999 1351 substuleris;
1050 1292 1341 1356 memor,
1386 1272 1456 1342 in
1497 1274 1739 1368 praelio
1790 1273 2098 1360 militem,
2161 1275 2233 1347 in
2292 1287 2696 1371 tempestate

548 1402 857 1476 nautam,
900 1391 970 1463 in
1013 1392 1223 1465 rebus
1266 1394 1464 1467 malis
1505 1395 1761 1468 bonum
1808 1397 2115 1471 animum
2153 1398 2447 1495 probari.
2500 1401 2689 1470 Vale.

1539 1660 1693 1671 *a

1337 1895 1696 1961 EPISTOLA
1744 1897 1901 1961 xvll.

997 2098 1383 2148 FRANCISCUS
1428 2099 1762 2148 PETRARCA
1808 2099 1892 2147 An
1937 2098 2239 2149 IGNOTUM.

747 2291 1031 2347 Beneficiis
1059 2308 1203 2363 saepe
1235 2292 1436 2362 ingrati
1466 2293 1638 2347 animi
1669 2294 2119 2364 significationem
2147 2294 2500 2366 respondere.

743 2514 895 2604 Ego
935 2534 1103 2583 vero
1142 2512 1328 2584 absit
1365 2524 1443 2586 ut
1481 2515 1928 2588 dissuadeam
1965 2517 2273 2610 petitioni
2309 2517 2497 2589 haud
2522 2518 2702 2589 iniu-

549 2644 680 2706 stae
720 2655 987 2705 morem
1020 2655 1306 2726 gerere;
1345 2635 1471 2707 sed
1505 2636 1674 2709 illud
1707 2658 1958 2710 moneo
1991 2649 2068 2710 ut
2099 2640 2170 2710 in
2203 2642 2427 2712 fronte
2460 2642 2698 2711 oculos

547 2755 838 2841 habeaS,
880 2779 1058 2849 quos
1092 2778 1227 2849 ego
1261 2757 1598 2829 hactenus
1633 2758 1702 2828 in
1739 2768 1934 2850 tergo
1969 2759 2203 2831 habui.
2239 2760 2421 2830 Nihil
2458 2761 2701 2832 iucun-

546 2880 730 2965 dius,
769 2883 862 2952 nil
895 2880 1183 2966 dulciuS,
1226 2901 1435 2973 quam
1478 2878 1979 2951 benemeritam
2019 2890 2452 2972 elegantem
2491 2881 2698 2951 auxi-

546 3001 616 3072 lii
654 3004 1050 3098 compotire.
1122 3005 1374 3075 Contra
1422 3014 1682 3087 autem,
1736 3003 2173 3096 inexpectato
2223 3002 2475 3094 ingrati
2526 3002 2695 3072 vitio

545 3124 641 3195 nil
682 3125 971 3198 tristius.
1025 3128 1298 3219 Magnae
1348 3126 1631 3220 quidem
1679 3134 1788 3197 est
1838 3146 1977 3195 non
2029 3126 2252 3196 solum
2303 3122 2695 3220 prudentiae

548 3248 675 3323 sed
712 3251 1035 3333 fortunae,
1074 3249 1248 3321 inter
1290 3258 1391 3321 tot
1426 3258 1783 3346 pectorum
1824 3249 2137 3334 latibula,
2175 3270 2387 3344 puros
2422 3246 2697 3320 animos

543 3374 947 3467 fucatosque
977 3371 1398 3457 discernere3
1434 3383 1506 3443 et
1531 3373 1772 3466 quanti
1794 3372 2092 3466 quisque
2120 3373 2226 3459 sit,
2254 3372 2449 3468 prius
2485 3393 2698 3465 quam

544 3496 951 3590 experiaris,
980 3518 1390 3588 agnoscere:
1426 3495 1629 3568 cuius
1662 3494 1981 3567 honestae
2013 3517 2259 3589 preces
2296 3517 2378 3567 ac
2411 3495 2704 3566 misera-

547 3617 720 3691 biles
796 3620 1133 3705 lacrimae,
1209 3622 1409 3691 cuius
1482 3619 1644 3690 ficta
1718 3619 2104 3690 necessitas
2131 3674 2146 3703 ,
2217 3616 2702 3710 simulataeque

547 3739 917 3814 blanditiae.
970 3744 1246 3835 Magnae
1278 3742 1456 3835 parti
1491 3741 1851 3812 hominum
1889 3740 2057 3812 illud
2090 3739 2297 3824 inest,
2337 3747 2412 3810 ut
2446 3739 2537 3811 ad
2573 3738 2702 3809 im-

547 3866 882 3955 petranda
944 3887 1106 3960 quae
1145 3866 1429 3960 cupiunt
1467 3887 1816 3937 memores
1867 3873 2076 3959 atque
2127 3862 2400 3947 soliciti,
2455 3862 2545 3934 ad
2595 3884 2704 3932 re-

550 3986 901 4057 ferendam
936 3991 1229 4080 gratiam
1265 4012 1519 4082 segnes
1555 3988 2013 4082 obliviosique
2039 3986 2203 4058 sint:
2241 3996 2429 4058 tanta
2460 3994 2530 4057 et
2562 3991 2701 4054 tam

552 4107 904 4196 repentina
943 4113 1234 4183 mutatio
1274 4111 1540 4183 invadit
1580 4111 1877 4197 animoS,
1932 4118 2010 4182 ut
2058 4131 2264 4204 quem
2307 4116 2700 4204 precantem

551 4252 754 4303 mane
794 4232 1077 4318 videris,
1135 4257 1315 4320 sem,
1362 4236 1505 4309 voti
1549 4247 1962 4330 compotem,
2007 4255 2144 4306 non
2185 4253 2549 4325 agnoscas.
2604 4232 2702 4303 De
