3104 4805
885 392 1069 439 LIBER
1113 391 1399 438 TERTIUS.
1423 409 1502 421 ·-
1524 391 1829 438 EPlSTOLA
1875 392 1957 439 111.
2382 379 2500 440 145

346 546 581 608 nostro
633 534 970 627 sanguine
1015 556 1260 605 rursus
1304 534 1576 618 infecta,
1620 543 1692 603 et
1734 532 1866 604 sub
1908 535 2252 608 Leucadio
2296 545 2503 629 atque

346 660 539 732 Actio
594 656 975 729 verticibus
1027 657 1141 728 illa
1192 657 1499 750 ingentia
1554 655 1734 728 bella
1786 658 2078 728 navalia.
2143 659 2505 731 Postremo

345 784 503 855 inde
551 803 779 874 usque
831 782 900 851 in
953 783 1288 852 saeculum
1344 791 1661 852 nostrum
1707 790 2055 852 tantorum
2093 781 2312 853 series
2356 807 2502 856 ma-

346 908 580 989 lorum,
619 915 699 977 ut
735 913 804 976 et
856 904 1300 1001 impossibilis
1342 905 1773 977 enumeratio
1810 905 1924 990 sit,
1973 916 2045 976 et
2085 928 2322 978 amara
2363 931 2507 978 me-

347 1029 590 1113 moria,
647 1028 940 1100 necdum
992 1028 1429 1099 miseriarum
1479 1027 1637 1100 finis
1679 1029 1862 1099 ullus
1915 1039 2264 1122 appareat.
2326 1030 2507 1114 Quid

345 1153 432 1223 de
467 1152 648 1247 Cyro
683 1174 848 1243 rege
890 1151 1260 1223 Persarum
1302 1152 1573 1242 loquar,
1619 1151 1739 1243 qui
1786 1150 1899 1245 (ut
1940 1152 2215 1246 proprie
2242 1152 2502 1248 dicam)

346 1276 563 1347 victor
613 1273 684 1343 in
735 1274 999 1367 praelio,
1040 1274 1111 1344 in
1147 1273 1430 1345 victoria
1487 1273 1717 1344 victus
1769 1276 1941 1345 fuit?
1983 1274 2166 1358 Quid
2216 1276 2305 1348 de
2346 1276 2508 1347 Ale-

350 1398 615 1469 xandro
688 1396 1094 1484 Macedone,
1174 1398 1292 1491 qui
1364 1397 1542 1469 bello
1595 1398 1956 1470 incolumis
1986 1456 2001 1483 ,
2066 1400 2134 1469 in
2186 1401 2507 1472 convivio
2554 1477 2585 1492 a

348 1521 593 1616 periit?
625 1520 1105 1613 Agamemnon
1148 1544 1374 1593 nonne
1407 1525 1761 1612 ⁴famosum
1798 1521 1969 1594 illud
2011 1545 2090 1594 ac
2129 1522 2505 1618 superbum

348 1646 514 1717 llion
565 1644 852 1716 stravit?
885 1644 1250 1718 Africanus
1288 1645 1540 1730 minor,
1587 1657 1825 1716 noster
1878 1644 1992 1740 (ut
2030 1646 2124 1717 ita
2167 1647 2503 1742 dixerim)

349 1767 783 1861 poliorcetes»,
839 1768 1329 1860 Carthaginem
1406 1779 1615 1862 atque
1688 1769 2130 1841 Numantiam
2195 1770 2506 1843 funditus

347 1893 615 1974 evertit.
661 1892 964 1985 Uterque
1007 1892 1077 1962 in
1118 1892 1326 1978 bello,
1372 1916 1585 1985 quam
1625 1902 1784 1986 post
1823 1892 2216 1979 victoriam,
2266 1895 2499 1980 tutior,

347 1997 743 2109 militi'aeque
783 2014 1072 2100 felicior,
1119 2037 1330 2108 quam
1372 2015 1592 2087 domi:
1636 2038 1814 2109 quos
1869 2039 2005 2088 non
2070 2016 2301 2087 minus
2360 2040 2511 2088 mo-

348 2138 540 2210 ribus
588 2161 800 2233 quam
869 2138 1035 2210 locis
1080 2138 1643 2232 temporibusque
1704 2139 2075 2224 distanteS‚
2133 2139 2392 2224 sciens,
2439 2141 2508 2209 in

347 2261 476 2331 hae
541 2261 773 2332 brevis
840 2262 1156 2356 epistolae
1222 2251 1415 2356 parle
1474 2261 1828 2347 coniunxi,
1874 2262 2063 2356 quod
2104 2284 2318 2356 prope
2387 2265 2508 2356 par

346 2389 589 2470 satum,
621 2394 824 2478 atque
852 2385 1034 2458 idem
1077 2385 1438 2458 amborum
1474 2386 1710 2459 exitus
1751 2386 2154 2459 videretur:
2208 2388 2506 2459 victores

348 2509 683 2594 hostium,
729 2511 1027 2603 quisque
1071 2532 1197 2581 sua
1237 2509 1648 2604 praedomita
1693 2532 1774 2580 ac
1817 2510 2104 2582 subacta
2154 2508 2501 2593 barbarie,

348 2634 526 2704 inter
600 2636 965 2726 amplexus
1038 2632 1692 2704 nefandissimarum
1734 2634 2139 2725 coniugum
2214 2632 2503 2725 periere.

345 2758 522 2828 Nihil
567 2756 721 2829 haec
766 2757 1044 2853 (fateor)
1093 2758 1184 2828 ad
1225 2768 1540 2828 nostrum
1585 2756 2036 2853 propositum.
2081 2759 2320 2847 ltaque
2362 2777 2505 2825 rem

347 2902 621 2951 omnem
687 2881 776 2952 ad
841 2904 1057 2952 unum
1109 2879 1314 2951 finem
1368 2878 1659 2965 dedum,
1734 2889 1810 2951 ut
1872 2879 2239 2951 ostendam
2293 2879 2505 2947 multa

344 3001 547 3073 etiam
602 2992 980 3075 'victoribus
1032 3003 1423 3074 metuenda.
1474 3003 1833 3095 Nusquam
1883 3002 2092 3094 igitur
2147 3009 2503 3093 gestarum

346 3146 577 3196 rerum
630 3123 881 3197 fiducia
933 3125 1485 3210 subsistendum,
1531 3126 2188 3221 procedendumque
2228 3124 2503 3216 longius

345 3248 653 3332 assidue,
701 3270 782 3321 ac
822 3271 1016 3320 more
1060 3272 1396 3335 caesare0‚
1457 3251 1845 3341 urgendum
1887 3249 2181 3345 impigre
2225 3269 2504 3320 succes-

348 3391 535 3452 sum,
606 3370 1140 3465 instandumque
1215 3374 1452 3442 favore
1516 3372 1869 3456 Numinis,
1939 3370 2504 3458 credendumque

344 3491 511 3563 nihil
553 3504 812 3579 actum,
856 3494 1026 3565 dum
1089 3494 1436 3585 agendum
1484 3492 1742 3584 aliquid
1796 3493 2131 3585 supersit3
2174 3489 2498 3581 alioquin,

344 3615 574 3687 multis
609 3615 789 3688 bello
825 3617 1322 3712 suspectiorem
1352 3614 1570 3686 fuisse
1603 3614 1991 3685 victoriam:
2020 3620 2090 3683 et
2119 3609 2499 3683 verendum

343 3737 574 3821 valde,
628 3760 716 3809 ne
766 3738 1012 3809 melius
1062 3737 1269 3808 suerit
1319 3758 1454 3807 non
1519 3735 1845 3830 coepisse‚
1904 3754 2114 3826 quam
2165 3740 2495 3825 coeptum,

344 3860 571 3932 medio
610 3863 1077 3958 procurrentis
1118 3862 1273 3934 facti
1315 3864 1513 3945 calle,
1561 3860 1905 3933 deserere.
1941 3858 2130 3929 Vale.
