3104 4805
881 419 1060 468 ωηεν.
1105 419 1855 469 semmua—smmum
1903 423 2005 469 xu.
2395 410 2501 469 381

358 570 587 651 ditiae3
632 568 935 661 undique
975 568 1579 639 circumvallamur
1621 567 1879 649 miseri,
1923 577 1993 636 et
2040 568 2210 638 inter
2264 577 2361 639 tot
2413 568 2510 638 la-

355 714 575 786 queos
642 692 985 788 spondere
1051 690 1251 762 nobis
1328 690 1706 761 iucundum
1782 687 2044 782 aliquid
2120 690 2509 762 audemus?

356 816 633 887 Totiens
674 815 1008 899 frustrati,
1055 814 1305 886 totiens
1345 811 1645 885 ludibrio
1685 810 1935 895 habiti,
1982 812 2307 903 sperandi
2347 806 2509 884 con-

358 939 795 1013 suetudinem
844 953 914 1013 et
963 939 1210 1012 millies
1263 941 1530 1010 elusam
1600 935 2083 1009 credulitatem
2158 935 2506 1008 nescimus

356 1087 660 1136 exuere:
714 1074 898 1137 tanta
943 1063 1315 1149 felicitatis,
1363 1061 1520 1132 licet
1571 1063 1796 1145 falsae,
1841 1060 2140 1133 dulcedo
2183 1069 2314 1129 est.
2362 1059 2509 1130 Heu

353 1187 676 1258 demens!
726 1189 862 1259 heu
903 1209 1120 1273 caece,
1166 1207 1541 1279 rerumque
1579 1184 1790 1255 oblite
1834 1194 2139 1266 tuarum,
2186 1181 2508 1274 quotiens

354 1334 622 1384 mecum
666 1312 844 1383 dixi!
891 1311 1068 1383 Vide
1106 1309 1246 1394 hic,
1291 1319 1478 1392 nota,
1526 1307 1831 1391 attende,
1873 1306 2204 1390 subsiste,
2246 1303 2511 1396 recogi-

355 1444 445 1518 ta,
492 1434 806 1530 imprime
850 1436 1125 1527 signum
1171 1433 1420 1518 fixum,
1465 1452 1872 1503 mansurum
1926 1427 2314 1502 indelebile.
2366 1430 2513 1500 Me-

351 1569 586 1630 mento
626 1559 890 1630 sraudis
934 1557 1144 1629 huius
1185 1567 1256 1629 et
1291 1558 1495 1627 illius.
1531 1554 1714 1624 Nihil
1753 1575 2056 1646 unquam
2095 1554 2504 1647 speraveriS,

353 1681 518 1751 nihil
558 1680 939 1754 credideris
980 1682 1299 1761 fortunae3
1345 1679 1648 1750 mendax
1687 1688 1822 1759 est,
1874 1676 2087 1760 varia,
2145 1676 2348 1761 levis,
2405 1678 2509 1748 in-

353 1800 524 1883 fida;
567 1801 794 1896 priora
835 1802 988 1872 eius
1031 1801 1282 1873 blanda
1323 1811 1394 1871 et
1435 1799 1655 1884 mitia,
1703 1797 2086 1892 posteriora
2139 1797 2508 1869 acerbissi-

357 1947 485 1995 ma.
538 1925 732 1995 Nosti
784 1926 916 1995 iam
971 1927 1101 1996 hoc
1151 1926 1363 1995 ferale
1413 1922 1804 2017 prodigium
1858 1932 2223 2014 expertuS,
2278 1944 2318 1992 a
2385 1943 2510 1990 ne-

354 2045 536 2116 mine
576 2045 710 2115 iam
753 2046 1129 2118 docendus.
1169 2046 1332 2118 Tuis
1375 2045 1585 2135 igitur
1624 2045 1964 2140 exemplis
2017 2043 2136 2116 tibi
2188 2045 2502 2125 consule,

351 2176 422 2239 et
458 2169 670 2238 ullum
705 2191 861 2239 cum
899 2169 1026 2240 hac
1063 2167 1235 2239 inire
1267 2166 1755 2238 commercium
1791 2176 2068 2247 caveto3
2104 2185 2306 2257 aeque
2346 2188 2507 2258 pro-

352 2291 734 2363 mittentem
777 2314 855 2363 ac
904 2302 1270 2383 negantem
1321 2291 1630 2385 despice,
1685 2313 1886 2385 aeque
1934 2290 2319 2385 rapientem
2373 2292 2507 2362 lar-

351 2415 794 2507 gientemque
859 2424 1241 2486 contemne.
1311 2415 1455 2485 Hoc
1532 2415 2008 2497 decreveram,
2087 2413 2218 2487 hoc
2277 2425 2508 2485 mente

351 2536 816 2610 firmaveram.
854 2535 945 2608 At
979 2548 1137 2633 post
1169 2548 1306 2609 tam
1343 2536 1541 2608 virile
1577 2536 2023 2634 propositum,
2062 2558 2224 2609 ecce
2259 2558 2506 2608 rursus

351 2682 561 2753 quam
605 2659 1056 2741 muliebriter,
1087 2682 1292 2752 quam
1324 2661 1552 2756 inepte
1592 2658 1850 2731 decidi:
1894 2658 2264 2731 ridiculose
2305 2658 2507 2729 dixe-

351 2782 507 2868 rim,
554 2805 641 2853 an
683 2805 854 2854 vero
895 2782 1259 2855 flebiliter?
1303 2782 1698 2855 Ridiculose
1749 2782 1902 2854 aliis
1955 2785 2282 2864 fortasse,
2338 2780 2504 2852 mihi

347 2905 628 2998 quidem
695 2928 986 3002 prorsus
1054 2905 1539 2978 miserabiliter
1600 2928 1681 2977 ac
1729 2905 2137 2976 miserrime.
2189 2906 2357 2976 Post
2410 2913 2507 2976 tot

347 3052 578 3100 rerum
640 3039 1072 3122 speratarum
1141 3029 1454 3124 inopinos
1522 3051 1730 3101 casus
1783 3009 2029 3100 induxi
2079 3005 2149 3097 in
2199 3029 2503 3099 animum

346 3174 626 3245 sperare
677 3153 955 3236 iterum,
1001 3164 1208 3246 atque
1260 3153 1422 3224 huic
1473 3163 1986 3236 momentaneo,
2036 3162 2109 3221 et
2156 3153 2351 3222 velut
2400 3148 2505 3218 bi-

343 3270 582 3342 bernae
635 3296 881 3344 sereno
932 3269 1156 3345 noctis
1209 3276 1529 3358 credere,
1585 3285 1657 3346 et
1719 3298 1813 3346 ex
1876 3283 2137 3346 eventu
2200 3273 2502 3344 crastino

345 3395 681 3484 pendere:
719 3418 1064 3487 praecepS,
1112 3396 1554 3480 temerarius,
1611 3397 2073 3480 inconsultus,
2129 3395 2505 3467 interblan-

344 3514 474 3587 diri
527 3515 712 3586 curis
778 3516 1223 3588 mordacibus
1274 3539 1492 3588 ausus
1546 3540 1727 3589 sum.
1781 3521 1959 3591 Ecce
2014 3520 2152 3589 iam
2209 3519 2502 3592 dilectus

345 3661 543 3710 meus
570 3638 817 3721 aderit;
854 3639 1268 3711 Franciscus
1307 3661 1505 3711 meus
1531 3695 1546 3724 ,
1586 3662 1723 3711 non
1759 3642 1988 3713 minus
2027 3643 2192 3713 mihi
2227 3644 2503 3717 iunctus

344 3763 699 3832 voluntate
737 3783 944 3854 quam
990 3763 1294 3848 nomine,
1340 3786 1476 3835 non
1522 3764 1752 3836 minus
1794 3788 2030 3839 amore
2080 3791 2288 3861 quam
2343 3791 2502 3841 san-

343 3886 580 3977 guine,
625 3908 783 3958 ecce
824 3885 1076 3972 aderit,
1124 3900 1193 3959 et
1232 3891 1411 3959 forte
1452 3887 1586 3959 iam
1630 3889 1852 3961 adest.
1899 3889 2065 3961 Tam
2103 3891 2499 3963 vehementi

343 4008 526 4078 enim
579 4008 1019 4081 meditatione
1074 4010 1141 4079 in
1194 4033 1352 4082 eum
1406 4010 1887 4097 incubueram‚
1943 4023 2021 4084 ut
2073 4034 2260 4107 saepe
2309 4017 2501 4089 velut

342 4138 501 4204 ante
541 4135 774 4203 oculos
816 4132 1196 4225 aspicerem
1238 4144 1427 4206 tanto
1479 4134 1693 4206 maris
1746 4158 1827 4207 ac
1883 4146 2222 4209 terrarum
2277 4138 2499 4230 spatio

342 4254 735 4340 distantem,
784 4267 848 4326 et
894 4257 1030 4326 heu
1069 4281 1419 4350 nunquam
1464 4258 1757 4354 amplius
1802 4259 1866 4328 in
1915 4259 2120 4331 huius
2167 4262 2326 4331 mibi
2372 4283 2491 4354 pe-
