3104 4805
588 341 704 399 448
1260 348 1341 395 ns
1386 348 1588 396 [mnus
1631 346 2073 396 FAmuARlBus

586 494 870 565 domum
923 491 1125 571 redii,
1197 490 1460 560 litteras
1512 491 1769 581 reperi,
1828 492 2261 582 famulosque
2332 512 2522 562 meos
2590 514 2753 563 cum

588 638 827 688 earum
882 624 1121 684 tenore
1186 611 1566 682 concordes
1633 610 1869 682 audivi
1935 611 2311 682 admirans.
2382 612 2518 683 Sed
2581 614 2754 705 quid

588 738 925 829 agerem?
977 734 1073 803 Illi
1132 743 1320 804 tanto
1370 744 1528 804 ante
1580 733 2078 816 discesserant,
2138 742 2210 802 ut
2259 733 2394 803 iam
2459 733 2752 804 demens

587 865 1033 949 expectarem
1080 855 1403 937 reditum,
1443 876 1526 924 ac
1561 853 2053 945 negligentiam
2109 875 2531 924 accusarem.
2577 855 2754 938 Quae

586 988 954 1070 postquam
996 975 1159 1046 mihi
1197 976 1430 1046 debito
1466 977 1737 1066 longior
1769 976 1926 1046 visa
1962 987 2100 1058 est,
2144 997 2355 1045 unum
2391 998 2484 1045 ex
2519 978 2746 1046 samu-

588 1102 671 1172 lis
736 1099 1146 1171 Florentiam
1215 1098 1397 1180 misi,
1468 1096 1903 1168 Mainardum
1971 1096 2215 1166 litteris
2278 1097 2590 1166 excitans
2656 1096 2752 1166 ad

587 1221 1150 1293 observationem
1214 1220 1747 1312 promissorum,
1813 1231 2022 1311 atque
2072 1218 2240 1289 illud
2290 1218 2612 1289 adiiciens
2667 1229 2751 1287 ut

586 1343 911 1414 eumdem
963 1342 1279 1412 nuntium
1333 1342 1547 1412 Lucae
1598 1350 1841 1412 nostro
1892 1341 2227 1424 mitteret,
2275 1363 2400 1412 seu
2450 1343 2557 1411 ille
2605 1343 2749 1410 Ro-

589 1485 725 1534 mae
793 1484 1024 1533 moras
1090 1473 1357 1553 ageret,
1415 1484 1541 1533 seu
1594 1463 1846 1533 Teani:
1898 1464 2010 1533 eui
2065 1463 2413 1554 ingentem
2465 1485 2744 1555 quoque

595 1583 957 1676 epistolam
996 1584 1241 1675 scripsi
1269 1583 1813 1656 exhortatoriam
1842 1584 1930 1655 ad
1958 1594 2279 1655 votorum
2308 1585 2742 1669 modestiam,

587 1715 657 1777 et
707 1706 796 1776 ad
863 1705 1069 1776 huius
1123 1706 1229 1774 vel
1290 1705 1586 1775 alterius
1652 1704 1778 1776 loci
1845 1705 2282 1789 electionem,
2326 1707 2747 1798 quicumque

591 1829 800 1900 rebus
841 1826 1097 1897 nostris
1149 1837 1515 1920 appareret
1564 1828 2041 1920 opportunior,
2096 1850 2221 1899 nec
2270 1849 2405 1898 non
2459 1828 2550 1898 ad
2602 1849 2749 1897 mo-

587 1972 737 2021 rem
781 1947 1116 2018 studiosae
1160 1947 1627 2039 solitariaeque
1670 1946 1878 2018 vitae:
1922 1970 2083 2041 quae
2126 1948 2450 2040 quoniam
2501 1970 2748 2018 omnes

590 2070 950 2164 aequaliter
992 2068 1347 2160 tangebat,
1387 2079 1464 2139 ut
1497 2091 1620 2160 per
1654 2091 1815 2139 eum
1853 2071 1942 2141 ad
1986 2080 2050 2139 te
2085 2070 2289 2140 etiam
2327 2069 2746 2153 mitteretur,

593 2193 877 2264 inserui.
920 2194 1261 2263 Praeclare
1294 2189 1608 2283 quidem,
1649 2203 1726 2262 ut
1763 2195 2002 2274 multa,
2040 2191 2206 2261 illud
2246 2214 2287 2261 a
2321 2191 2606 2282 Virgilio
2640 2191 2749 2261 di-

591 2325 779 2384 ctum
822 2323 975 2383 est:

911 2485 1117 2546 Nescia
1152 2501 1326 2547 mens
1359 2486 1679 2548 hominum
1718 2487 1820 2548 sati
1856 2485 2194 2564 mortisque
2227 2486 2451 2547 futurae
2483 2489 2496 2546 l

587 2680 1009 2750 Litterarum
1086 2680 1372 2769 portitor
1453 2679 1932 2760 abscesserat,
2017 2690 2087 2749 et
2170 2699 2304 2769 ego
2393 2700 2536 2749 rem
2629 2702 2744 2750 se-

585 2798 889 2869 cundam
942 2809 1013 2869 et
1063 2802 1277 2871 multa
1327 2800 1493 2870 mihi
1545 2799 1773 2870 dulcia
1826 2799 2212 2890 fingebam:
2259 2800 2410 2873 haec
2456 2802 2741 2893 quidem

583 2920 673 2990 ab
706 2931 859 2990 ortu
896 2920 1219 3004 aderunt,
1260 2923 1393 2993 ista
1429 2933 1661 2993 autem
1698 2924 1787 2995 ab
1822 2947 2097 2997 occasu.
2131 2923 2303 3005 Quis
2339 2945 2449 2994 me
2483 2922 2744 2993 felicior

580 3062 967 3132 congressu
1013 3043 1249 3112 talium
1294 3043 1673 3115 amicorum
1702 3050 1736 3114 ⁶?
1775 3048 2085 3129 Quorum
2131 3068 2355 3138 usque
2402 3043 2735 3134 tranquil-

581 3161 750 3234 liora
793 3164 1078 3234 studia?
1118 3164 1426 3245 Quorum
1478 3166 1622 3237 vita
1671 3168 2022 3259 quietior?
2071 3168 2212 3238 Has
2266 3167 2441 3238 inter
2487 3185 2734 3247 curaS,

584 3307 745 3377 quae
786 3286 1065 3357 infausti
1110 3289 1405 3358 rumoris
1459 3288 1991 3361 amaritudinem
2044 3288 2508 3379 geminarunt,
2562 3308 2740 3355 nun—

580 3404 731 3476 cius
777 3429 975 3477 meus
1017 3406 1128 3478 die
1180 3420 1427 3479 octavo
1478 3421 1844 3501 postquam
1898 3410 2058 3479 hine
2107 3408 2563 3489 discesserat,
2620 3427 2745 3497 per

581 3528 1133 3609 intensissimum
1178 3530 1472 3599 imbrem
1515 3554 1651 3601 non
1703 3540 2114 3623 expectatus
2167 3530 2414 3613 adfuit,
2470 3539 2542 3598 et
2590 3528 2746 3620 plu-

579 3652 694 3721 via
734 3662 805 3721 et
845 3652 1142 3722 lacrimis
1194 3652 1509 3735 madenS,
1564 3664 1635 3723 et
1682 3653 1905 3724 fronte
1947 3655 2201 3724 vulnus
2244 3652 2454 3724 animi
2497 3652 2744 3722 visibi-

579 3771 737 3840 liter
793 3773 1220 3862 praeferente.
1292 3770 1589 3862 Dirigui,
1658 3783 1729 3843 et
1806 3794 2115 3871 excusso
2191 3794 2403 3841 manu
2474 3776 2742 3844 calamo

582 3892 1031 3984 (scribentem
1074 3894 1257 3964 enim
1301 3895 1471 3963 sorte
1512 3895 2011 3986 compererat):
2055 3894 2238 3979 Quid
2273 3895 2438 3963 novi
2473 3893 2679 3963 affers
2708 3899 2744 3964 ‘?

589 4011 710 4079 Dic
759 4012 992 4084 ocius:
1059 4014 1397 4082 exclamo,
1453 4010 1542 4080 At
1593 4011 1702 4084 ille
1752 4015 2016 4105 gemitu
2070 4014 2282 4086 verba
2334 4016 2738 4106 frangente:

583 4128 869 4213 lnselix,
903 4133 1161 4225 inquit,
1198 4133 1491 4204 nuncius
1519 4134 1852 4207 advenio:
1891 4135 2088 4207 amici
2133 4136 2229 4206 tui
2266 4159 2477 4229 super
2508 4134 2744 4223 Apen-
