3104 4805
1248 364 1758 415 PROLEGOMENON
1767 401 1779 414 .
2449 369 2570 419 cvu

555 545 568 559 .
646 503 702 558 2.
745 504 1147 560 Anonssscsum
1176 517 1303 559 sn0.
1334 504 1629 562 Hactenus
1656 508 1762 561 hoc
1788 508 2013 581 infame
2040 523 2271 564 nomen.

793 594 938 666 Ary.
970 591 1416 649 Adolescentiam
1435 595 1557 649 eius
1574 596 1737 650 malis
1757 596 2008 652 moribus
2025 598 2373 671 inquinatam
2391 599 2574 655 obiur-

864 688 984 753 gat,
1015 689 1071 738 et
1097 682 1431 738 honestioris
1459 684 1584 739 vitae
1612 685 1834 740 initium
1863 687 2077 743 suadet.

554 815 567 827 .
646 773 702 828 3.
746 772 993 829 Gumom
1019 774 1463 830 Ancmnmcono
1493 775 1809 831 Genusum.
1831 806 1903 817 —
1926 777 2247 834 Consilium
2276 783 2459 835 tuum.

789 860 933 932 Ary.
979 860 1226 916 Dilatum
1253 861 1374 917 eius
1414 862 1473 916 in
1516 861 1735 918 Italiam
1762 864 2062 920 adventum
2090 866 2226 921 dum
2264 868 2569 939 improbat,

864 955 1091 1005 excusat
1114 949 1186 1005 ob
1212 951 1426 1006 cladem
1455 951 1839 1010 Genuensium
1858 971 1889 1010 a
1907 954 2133 1011 Venetis
2150 954 2210 1011 in
2228 957 2407 1011 navali
2425 957 2582 1014 bello.

865 1037 1171 1093 confectam
1185 1078 1201 1107 ‚
1245 1039 1483 1122 illosque
1522 1046 1646 1097 tum
1684 1042 1897 1098 viribus
1938 1048 2058 1098 tum
2100 1044 2288 1099 animo
2315 1045 2574 1101 cecidisse

862 1126 1239 1198 conqueritur.
1342 1195 1345 1200 .

556 1254 570 1268 .
646 1213 703 1268 4.
746 1212 993 1270 Gomom
1034 1215 1475 1274 Ancnmucouo
1520 1217 1835 1275 Genusum.
1867 1249 1941 1262 -
1967 1220 2311 1293 Expectatio
2356 1222 2576 1294 suppli-

868 1320 1044 1359 cmm.
2069 1329 2072 1334 ·

793 1392 940 1466 Arg.
981 1393 1186 1450 Narrat
1224 1394 1295 1451 de
1334 1395 1725 1454 Genuensibus
1764 1399 1823 1454 in
1857 1399 2028 1456 fidem
2066 1400 2277 1457 domini
2319 1400 2576 1455 Mediola-

862 1483 1054 1538 nensis
1098 1485 1333 1555 receptis
1356 1526 1372 1555 ,
1428 1486 1614 1558 deque
1657 1487 1884 1544 illorum
1927 1497 2076 1546 sorte
2121 1491 2421 1546 sollicitum
2467 1489 2574 1562 piis

866 1574 1093 1629 monitis
1121 1577 1457 1631 consolatur.

555 1703 571 1717 .
647 1660 703 1716 5.
746 1661 995 1718 Gumom
1022 1663 1463 1722 Ancmnmcouo
1492 1667 1810 1723 Genusum.
1833 1698 1905 1711 —
1924 1668 2069 1735 Quae
2093 1686 2242 1740 apes.

822 1754 966 1824 Ary.
999 1754 1214 1811 Gaudet
1238 1772 1370 1811 eum
1396 1757 1467 1811 ad
1495 1757 1707 1812 fontem
1738 1758 1945 1829 Sorgiae
1984 1758 2195 1828 aliquot
2222 1757 2418 1813 diebus
2443 1758 2578 1814 suis-

864 1862 954 1915 se,
983 1850 1040 1899 et
1064 1844 1169 1899 loci
1204 1845 1584 1900 amoenitatem
1624 1846 1884 1901 celebrat.
1929 1846 2132 1901 Narrat
2159 1864 2219 1902 se
2247 1864 2470 1920 quoque
2507 1847 2577 1902 ab

865 1933 1004 1989 urbe
1030 1933 1090 1988 in
1116 1934 1305 1988 villam
1331 1930 1654 2002 secessisse,
1700 1934 1860 1988 cuius
1901 1933 2070 1989 situm
2110 1938 2577 2006 prospectumque

863 2022 1144 2079 describit.

559 2157 572 2170 .
646 2116 702 2172 6.
744 2114 1060 2170 Beni-{Anno
1115 2114 1499 2168 Ancmssom:
1554 2112 1806 2168 ansmt
1864 2110 2139 2167 Coun-‚usn
2189 2142 2261 2153 —-
2311 2113 2433 2167 Mos
2496 2118 2578 2167 est

862 2220 1076 2276 equum
1103 2202 1376 2257 residem.

792 2294 938 2365 Ary.
971 2291 1208 2346 Excusat
1236 2307 1297 2346 se
1323 2291 1474 2363 quod
1501 2292 1753 2347 nondum
1781 2290 2016 2348 Comum
2041 2292 2283 2361 venerit,
2324 2292 2574 2347 nunciat-

865 2399 976 2456 que
1003 2382 1159 2438 iussu
1186 2381 1398 2438 domini
1424 2382 1648 2454 longius
1673 2383 1782 2437 iter
1808 2399 1868 2438 se
1894 2381 2216 2455 propediem
2244 2381 2535 2437 initurum.

561 2516 574 2528 .
654 2474 707 2528 7.
750 2474 1065 2528 BERNARDO
1095 2473 1476 2528 AnomssoLAE
1502 2472 1754 2527 Pnsssmx
1781 2471 2056 2527 Coumsn
2079 2501 2151 2513 —
2168 2471 2306 2526 Misi
2332 2473 2411 2526 ad
2438 2478 2510 2527 te.

796 2565 942 2635 Ary.
974 2561 1339 2618 Commendat
1365 2561 1607 2617 amicum
1648 2561 1707 2615 in
1746 2560 2104 2617 Germaniam
2140 2561 2375 2634 patriam
2417 2579 2576 2618 suam

871 2653 1217 2708 redeuntem.

561 2787 574 2799 .
651 2744 706 2801 8.
751 2743 853 2798 Fa.
885 2743 1188 2797 Murum-o
1217 2739 1589 2796 CounNS1.—
1610 2740 1846 2794 Gaudeo
1874 2740 2163 2809 equidem.

796 2832 940 2903 Ary.
999 2828 1367 2900 Cupiditatem
1396 2825 1644 2881 discendi
1672 2842 1737 2880 eo
1765 2825 2092 2880 nobiliorem
2129 2842 2251 2880 esse
2278 2841 2389 2897 quo
2418 2827 2578 2882 vilior

869 2925 956 2977 est
979 2920 1296 2975 divitiarum
1337 2917 1628 2989 cupiditas.
1673 2915 1835 2971 Illam
1859 2916 1919 2970 in
1950 2916 2127 2970 amico
2161 2915 2380 2985 laudat,
2411 2925 2466 2971 et
2491 2933 2580 2971 ve-

866 3014 1051 3064 terum
1080 3006 1347 3078 exemplis
1374 3006 1636 3060 illustrat.

561 3142 574 3156 .
651 3098 706 3154 9.
749 3098 955 3153 MAnco
984 3092 1664 3151 GENUENSL—Falleris
1693 3092 1898 3147 amice.

797 3187 941 3257 Arq.
972 3184 1278 3239 Amantum
1304 3197 1451 3236 coeca
1487 3196 1610 3235 esse
1649 3179 1882 3248 iudicia,
1925 3195 2094 3252 seque
2122 3179 2291 3236 tantis
2318 3179 2439 3234 eius
2464 3180 2580 3235 lau·

866 3275 1034 3330 dibus
1058 3289 1289 3346 prorsus
1316 3270 1630 3342 indignum.

561 3408 575 3421 .
618 3365 709 3421 10.
751 3364 997 3421 Iomnm
1026 3362 1313 3417 Anssrmo.
1336 3389 1409 3401 —
1432 3359 1570 3414 Trea
1596 3358 1753 3413 mihi
1779 3359 1850 3414 de
1878 3364 1951 3415 te.

800 3456 944 3527 Ary.
975 3454 1047 3508 Se
1073 3450 1370 3507 Mediolani
1397 3449 1735 3517 constitisse,
1774 3454 1830 3503 et
1856 3448 2106 3502 animum
2146 3445 2376 3502 urbanis
2416 3460 2573 3515 nego·

874 3543 972 3598 ciis
1018 3540 1295 3596 addixisse
1340 3556 1405 3594 ea
1449 3540 1662 3594 ratione
1706 3543 1969 3607 excusat,
2024 3536 2175 3607 quod
2222 3535 2399 3590 multa
2443 3534 2580 3588 citra

869 3634 1208 3687 voluntatem
1236 3629 1556 3684 hominibus
1582 3627 1830 3682 facienda
1859 3626 2064 3698 passim
2092 3628 2407 3680 occurrant.

1293 3813 1512 3876 LIBER
1561 3811 1757 3874 xvlu.

563 4032 579 4046 .
663 3988 717 4044 1.
759 3987 987 4055 Canobo
1015 3989 1091 4045 IV
1117 3989 1391 4042 Auonsro
1421 3985 1804 4040 Iupania-om,
1825 4011 1900 4023 -
1920 3979 2212 4036 Coesareos
2239 3977 2451 4050 apices.

803 4079 945 4152 Ary.
975 4080 1158 4134 Moras
1185 4082 1499 4133 nectentem
1525 4080 1582 4129 et
1610 4090 1730 4129 sese
1757 4072 1996 4126 inaniter
2022 4074 2378 4126 excusantem
2408 4066 2582 4122 Caesa-

880 4186 998 4226 rem
1026 4175 1089 4225 ut
1115 4170 1435 4226 Romanum
1463 4163 1768 4236 Imperium
1797 4160 2053 4217 restituat
2078 4160 2423 4216 adhortatur.
