3104 4805
890 373 1073 420 menn
1116 341 1855 429 omarus—emmonim
1898 373 1981 421 ιιι.
2394 360 2507 422 207

1197 654 1547 720 EPISTOLA
1590 657 1679 720 111.

499 838 883 887 FRANCISCUS
928 837 1263 886 PETRARCA
1306 837 1603 886 nom-:Mo
1648 836 1888 884 SICILIAE
1934 838 2082 888 REGI
2125 841 2176 888 S.
2222 841 2278 888 P.
2321 842 2379 889 D.

356 1006 568 1064 Laudat
603 1009 941 1081 epigramma
977 1024 1010 1062 a
1047 1008 1291 1063 Roberto
1330 1007 1482 1078 Rege
1519 1024 1633 1062 suae
1671 1010 1853 1083 neptis
1898 1009 2114 1063 tumulo
2158 1009 2515 1082 inscriptum,

528 1098 814 1168 multaque
861 1098 1106 1170 congerit
1141 1097 1210 1152 de
1247 1098 1504 1152 humanae
1541 1099 1664 1154 vitae
1704 1101 1926 1154 miseria
1953 1141 1968 1168 ‚
2008 1105 2061 1153 et
2099 1099 2167 1153 de
2205 1101 2515 1156 animarum

537 1187 969 1241 immortalitate.

554 1385 993 1458 Praestrinxit
1031 1388 1269 1459 oculos
1312 1407 1503 1459 meos
1543 1388 1772 1477 fulgor
1804 1385 2145 1458 insolitus.
2183 1386 2380 1457 Felix
2404 1409 2522 1458 ca·

363 1514 583 1581 lamus
634 1507 838 1580 visus
901 1518 1040 1592 est,
1109 1508 1221 1579 cui
1287 1508 1446 1581 talia
1486 1509 1952 1580 crederentur.
1996 1508 2179 1594 Quid
2219 1508 2519 1604 primum

362 1633 612 1703 mirer?
651 1631 1002 1701 Eximiam
1044 1630 1486 1716 brevitatem,
1532 1654 1623 1702 an
1666 1632 2099 1703 maiestatem
2146 1632 2522 1706 sententia-

364 1777 542 1839 rum,
585 1777 675 1826 an
714 1754 1022 1827 divinam
1075 1753 1330 1848 eloquii
1381 1758 1867 1826 venustatem?
1914 1756 2311 1848 Nunquam,
2365 1759 2523 1830 Rex

363 1877 625 1973 inclyte,
656 1878 890 1962 fateor,
935 1876 1198 1949 credidi
1231 1899 1380 1948 rem
1422 1886 1686 1948 tantam
1723 1876 1859 1949 dici
1889 1899 2098 1969 posse
2123 1885 2262 1949 tam
2290 1877 2521 1951 brevi-

366 2009 498 2082 ter,
537 2011 678 2071 tam
722 1999 1061 2091 graviter,
1107 2011 1247 2071 tam
1289 2008 1571 2081 oruate;
1613 2022 1740 2070 nec
1780 1999 1916 2070 iam
1960 2003 2094 2072 tale
2136 2001 2397 2094 aliquid
2428 2024 2522 2072 ex

361 2122 685 2194 humanis
714 2122 1016 2214 ingeniis
1043 2121 1525 2216 expectabam.
1564 2122 1924 2215 Equidem,
1963 2134 2041 2195 ut
2072 2133 2424 2195 constaret
2458 2135 2525 2196 te

361 2246 568 2317 corda
615 2246 975 2316 hominum
1014 2245 1082 2315 in
1117 2245 1438 2317 manibus
1476 2244 1759 2329 habere,
1798 2269 1938 2339 quo
1973 2255 2116 2319 tota
2149 2248 2522 2320 illustrium

360 2379 712 2441 oratorum
755 2368 1064 2463 suspirat
1097 2369 1408 2455 intentio,
1455 2367 1752 2463 legentis
1786 2369 2094 2442 animum
2134 2381 2267 2443 tam
2305 2372 2523 2444 variis

361 2491 719 2564 affectibus
759 2492 1179 2589 impulsasti,
1228 2505 1300 2566 ut
1336 2494 1486 2565 sine
1527 2492 1899 2564 luctamine
1942 2493 2011 2565 in
2047 2516 2323 2566 omnem
2364 2518 2524 2589 par-

364 2627 502 2686 tem
547 2614 683 2685 stili
734 2616 832 2687 tui
880 2617 1185 2709 vestigia
1239 2626 1651 2709 sequeretur
1702 2614 2133 2688 volubilitate
2200 2617 2519 2688 mirabili.

363 2739 544 2809 Ecce
582 2738 764 2808 enim
808 2739 876 2810 in
917 2739 1138 2831 prima
1181 2738 1393 2810 sobrii
1434 2741 1658 2809 fronte
1710 2740 2073 2824 sermonis,
2119 2740 2286 2812 dum
2331 2760 2524 2811 sum-

368 2883 551 2932 mam
589 2858 913 2934 humanae
965 2862 1301 2947 miseriae,
1358 2862 1877 2955 acerrimaeque
1928 2863 2282 2934 molestias
2334 2861 2523 2935 labo-

364 3006 543 3069 rum,
590 2994 662 3055 et
710 2985 1200 3056 necessitatem
1242 2984 1485 3056 mortis
1527 2981 2070 3069 acerbissimam,
2116 2984 2382 3056 tractim
2426 3007 2521 3056 ex

367 3106 619 3177 radicis
670 3106 826 3179 labe
876 3109 1088 3179 ramis
1140 3130 1221 3180 ac
1268 3107 1630 3180 frondibus
1674 3107 2157 3200 obrepentem,
2203 3105 2525 3199 magnifi-

368 3229 767 3301 centissime
797 3230 1273 3324 deplorasses,
1313 3228 1652 3302 movebar
1677 3253 1904 3323 usque
1929 3232 2129 3313 aden,
2172 3241 2246 3302 ut
2278 3228 2524 3302 crebro

368 3352 546 3424 inter
576 3353 954 3445 legendum
989 3356 1371 3450 suspiranS,
1410 3363 1481 3424 et
1519 3352 1937 3425 ineluctabili
1973 3362 2159 3425 sorte
2199 3352 2524 3446 perterri-

367 3483 500 3560 ωε,
531 3483 890 3570 totumque
908 3476 1041 3549 hoc
1067 3498 1321 3549 nomen
1346 3473 1648 3546 hominis
1675 3497 1987 3567 perosuS,
2018 3495 2220 3568 paene
2245 3495 2376 3545 nec
2400 3494 2524 3543 na-

370 3609 481 3670 tus
506 3621 668 3671 esse
695 3623 823 3672 nec
857 3625 1158 3694 unquam
1195 3597 1595 3671 nasciturus
1629 3596 2039 3690 optaverim.
2076 3594 2327 3667 Actum
2354 3606 2519 3677 erat,

368 3731 438 3791 et
477 3723 644 3792 mihi
684 3723 821 3794 iam
859 3724 1316 3817 tranquillitas
1348 3720 1575 3794 omnis
1617 3720 2002 3804 exciderat,
2040 3718 2177 3789 nisi
2210 3739 2373 3811 quae
2427 3719 2525 3789 le·-

372 3842 554 3914 thale
608 3847 862 3917 vulnus
907 3846 1256 3918 inflixerat
1308 3865 1589 3929 manue,
1641 3843 1888 3916 eadem
1938 3864 2103 3914 mox
2139 3839 2521 3912 remedium

365 3966 732 4038 attulisset.
776 3968 978 4040 Sensi
1019 3992 1234 4040 unum
1270 3980 1342 4040 et
1375 3966 1719 4060 repentini
1753 3965 2071 4037 moeroris
2107 3973 2179 4034 et
2211 3965 2527 4036 consola-

369 4088 573 4159 tionis
627 4088 988 4162 artificem:
1035 4112 1165 4162 uec
1218 4111 1522 4184 unquam
1580 4090 1840 4163 certius
1903 4088 2073 4182 quid
2134 4087 2525 4182 eloquentia

367 4222 604 4301 posset
660 4234 1107 4303 agnoveram.
1179 4215 1344 4284 Tam
1401 4222 1714 4306 potenter
1753 4211 1936 4284 enim
1981 4234 2355 4305 paucorum
2397 4230 2526 4304 ope
