3104 4805
500 449 618 509 28⁶
1178 462 1258 509 ui:
1303 461 1502 508 nunus
1545 460 1986 508 FAmuAmssus

500 616 621 678 aut
670 626 905 676 rerum
954 604 1167 675 statui
1218 600 1395 674 fides
1455 601 1662 673 desit.
1691 602 1893 673 Circa
1940 623 2180 672 curam
2209 603 2549 697 corporis,
2587 601 2666 672 fit

497 736 833 821 quantum
874 727 1182 798 humano
1222 727 1499 818 ingenio
1543 724 1692 797 fleri
1736 731 1985 817 potest.
2042 724 2218 818 Spes
2270 732 2384 794 est
2434 724 2665 816 potius

496 860 703 935 certa,
748 871 961 943 quam
999 850 1225 920 velox.
1255 849 1542 919 AEstatis
1571 869 1775 940 opem
1810 845 2091 928 medici,
2122 867 2257 936 ego
2283 845 2410 917 Dei
2443 845 2665 916 omni-

495 972 794 1066 potentis
835 971 1174 1044 auxilium
1203 981 1520 1064 expecto.
1574 968 1859 1042 Interim
1901 978 2186 1063 torpens
2217 968 2385 1038 mihi
2410 968 2664 1040 dextra

496 1118 636 1168 non
668 1095 1112 1190 obsequitur3
1150 1095 1425 1167 animus
1463 1095 1541 1165 fit
1570 1095 1946 1189 promptior
1980 1093 2049 1164 in
2085 1091 2430 1165 adversis.
2462 1094 2655 1164 Vale.

778 1243 825 1297 V
855 1242 982 1296 Kal.
1015 1241 1272 1309 Martias,
1305 1240 1585 1296 Bononiae.

1499 1417 1655 1428 —.

1331 1605 1686 1669 EPISTOLA
1733 1605 1818 1666 Xl.

703 1794 1089 1843 FRANCISCUS
1134 1794 1473 1842 PETRARCA
1522 1794 1794 1842 ANDREAE
1838 1793 2185 1842 MANTUANO
2230 1794 2280 1842 S.
2316 1796 2367 1842 P.
2407 1796 2464 1841 Ι).

952 2001 957 2006 .
1063 1954 1350 2012 Adversus
1380 1956 1629 2011 invidum
1658 1955 2084 2028 obiurgator-em.

690 2184 829 2254 Vix
869 2203 1177 2273 unquam
1213 2181 1415 2252 aliter
1448 2179 1697 2251 iustior
1733 2180 1900 2250 mihi
1936 2181 2373 2273 querelarum
2415 2201 2650 2263 causa,

490 2305 616 2378 vix
686 2304 964 2375 uberior
1013 2301 1443 2374 defensionis
1496 2303 1786 2373 materia
1835 2301 2067 2374 oblata
2117 2313 2249 2374 est.
2303 2304 2378 2373 In
2432 2304 2652 2375 triviis

489 2432 773 2500 laceror.
817 2425 1001 2511 Quid
1039 2429 1292 2516 agam?
1331 2434 1573 2497 auctor
1627 2424 1848 2517 tangit
1896 2426 2193 2498 iniuriae.
2247 2428 2456 2499 Fama
2497 2450 2651 2500 mea

487 2549 576 2621 ab
625 2548 994 2618 infamibus
1036 2547 1362 2639 carpitur.
1409 2545 1974 2618 Contemnendus
2015 2548 2453 2622 obtrectator.
2501 2551 2654 2624 Cae-

490 2684 710 2745 terum
742 2692 829 2742 eo
860 2669 1209 2741 molestior
1248 2690 1388 2762 quo
1429 2669 1652 2739 vilior.
1697 2668 2149 2741 Dissimulare
2178 2671 2481 2757 difficile,
2523 2673 2650 2745 sed

482 2795 811 2866 decorum
884 2791 1227 2864 silentium
1302 2790 1507 2861 iustae
1592 2788 2046 2882 querimoniae
2107 2794 2645 2883 praeferendum.

485 2906 813 3009 Linguas¹
848 2927 1125 3001 acuant,
1173 2916 1393 2987 verba
1445 2938 1586 2987 non
1630 2924 1883 2985 metuo,
1921 2914 1993 2983 Si
2030 2914 2290 3009 scripto
2339 2917 2648 3017 egerium·

487 3040 785 3114 sentient
834 3048 905 3111 et
952 3060 1065 3110 me
1115 3041 1456 3110 calamum
1509 3036 1790 3109 habere.
1844 3034 2069 3106 Vivus
2110 3057 2270 3127 ego,
2317 3034 2640 3106 vivorum

487 3163 818 3236 subruam
862 3162 1267 3235 calumnias.
1319 3161 1411 3232 At
1461 3161 1521 3232 si
1572 3158 1741 3253 quid
1781 3161 1952 3230 forte
1987 3169 2147 3253 post
2186 3159 2469 3230 bustum
2514 3159 2643 3227 mi-

486 3286 837 3359 nitantur?
884 3284 1112 3358 Audio
1160 3286 1375 3371 enim,
1438 3308 1563 3357 eos
1629 3283 1916 3357 assidue
1963 3284 2340 3378 parturire:
2409 3283 2646 3356 nescio

485 3408 768 3502 quidem
817 3432 904 3481 an
958 3392 1322 3481 ridiculum
1373 3430 1672 3492 murem,
1729 3429 1820 3478 an
1867 3407 2299 3502 elephantem
2342 3406 2645 3479 indicum

483 3533 851 3626 parituros.
907 3532 1111 3617 Quod
1161 3531 1391 3628 ipsum
1422 3533 1480 3603 si
1532 3533 1868 3616 consulto,
1898 3531 2203 3624 inquam,
2247 3530 2317 3602 in
2359 3531 2431 3603 id
2474 3540 2649 3602 tem-

484 3679 617 3750 pus
659 3656 943 3729 trahunt
989 3677 1130 3750 quo
1180 3655 1477 3750 amplius
1512 3653 1627 3728 hic
1652 3677 1790 3726 non
1822 3676 1971 3740 ero,
2001 3654 2240 3727 timide
2276 3662 2495 3744 agunt
2519 3653 2647 3724 mi-

484 3779 806 3872 nimeque
845 3777 1134 3851 insidias
1178 3787 1473 3850 struunt.
1527 3777 1841 3862 Quorum
1890 3777 2198 3850 consiliis
2248 3776 2420 3870 quid
2460 3774 2645 3848 aliud

484 3898 734 3984 dicam,
779 3901 915 3972 nisi
946 3901 1175 3974 Planci
1217 3901 1384 3974 illud
1433 3901 1505 3971 in
1538 3899 1859 3972 Asinium
1892 3901 2303 3983 Pollionem,
2331 3900 2535 3972 cuius
2575 3902 2643 3971 in

483 4020 818 4114 principio
859 4023 1192 4096 naturalis
1234 4023 1545 4096 historiae
1589 4022 1846 4095 Plinius
1888 4025 2253 4096 Secundus
2297 4022 2639 4094 meminit:

484 4162 630 4210 cum
669 4145 943 4212 mortuis
992 4148 1215 4216 larvas
1263 4149 1471 4216 solere
1521 4148 1803 4217 luctari?
1852 4146 2167 4232 Proinde,
2208 4146 2266 4218 si
2306 4144 2475 4239 quid
2518 4141 2633 4215 ha-

485 4257 666 4343 bent,
712 4265 1063 4353 proferant
1102 4269 1169 4337 in
1213 4268 1517 4339 medium
1584 4269 1749 4341 dum
1793 4269 1997 4341 adest
2029 4269 2146 4361 qui
2201 4266 2632 4361 respondeat.
