3104 4805
916 448 1100 495 mm-:n
1146 447 1862 503 Qum'rus-—Emsrom
1910 449 1989 495 xl.
2410 435 2524 496 287

375 592 663 666 Videbis
704 591 1035 665 conviciis
1084 589 1394 664 attritum
1432 611 1685 661 nomen
1727 589 2228 683 splendescere.
2272 594 2533 666 Clario-

381 738 523 787 rem
555 714 710 787 fecit
722 714 1089 786 AEschines
1099 714 1638 786 Demosthenem
1654 769 1669 798 ,
1697 713 2028 784 Catonem
2043 712 2286 799 Galba,
2313 716 2534 789 Sallu-

382 841 559 911 stius
602 839 1024 923 Ciceronem,
1071 838 1480 909 AEmilianus
1520 835 1911 933 Apuleium.
1941 834 2265 930 Alioquin
2314 838 2532 930 inglo-

383 962 563 1033 rium
594 960 758 1033 belli
797 983 1020 1055 genus
1083 960 1374 1054 eligunt,
1418 961 1491 1032 in
1532 960 1894 1032 absentem
1946 959 2164 1053 loqui,
2209 969 2279 1030 et
2324 961 2532 1033 mutis

384 1085 741 1157 decertare
779 1083 1156 1164 cineribus;
1198 1083 1522 1178 quamvis
1560 1082 1662 1178 (ut
1700 1092 1812 1155 est
1850 1080 2050 1178 aetas)
2104 1079 2536 1177 impudenter

385 1209 456 1282 id
494 1210 723 1304 ipsum
761 1219 1062 1305 sperent.
1106 1210 1294 1280 Vale.

1213 1675 1564 1739 EPISTOLA
1610 1677 1721 1736 XII.

584 1870 965 1921 FRANCISCUS
1007 1871 1340 1921 PETRARCA
1386 1871 1661 1920 ANDREAE
1705 1869 2053 1920 uAN'rUANo
2098 1874 2150 1921 S.
2196 1875 2248 1921 P.
2294 1873 2351 1920 D.

966 2054 1119 2108 Idem
1148 2053 1295 2124 quod
1327 2054 1384 2108 in
1413 2054 1682 2125 superiori
1714 2055 1962 2125 epistola.

589 2293 826 2364 Theon
861 2293 989 2379 ille,
1032 2293 1185 2364 sive
1211 2293 1437 2364 mavis
1463 2293 1655 2379 Bion,
1687 2292 1985 2384 iurgium
2020 2293 2542 2387 quaerit.Agno-

394 2441 514 2491 sco
559 2417 864 2490 sibilum:
916 2417 1106 2510 aspis
1159 2417 1226 2487 in
1260 2417 1579 2512 proximo
1625 2426 1752 2488 est.
1799 2416 2141 2509 Indigner,
2180 2439 2270 2488 an
2309 2418 2536 2503 mirer,

392 2543 522 2613 sibi
556 2563 692 2613 non
734 2551 990 2635 parcat,
1033 2539 1154 2634 qui
1179 2557 1321 2611 'nec
1368 2539 1501 2633 ipsi
1550 2539 1946 2634 pepercerit
1976 2541 2319 2612 Homero?
2369 2542 2541 2613 Puto

389 2665 687 2737 aestimet
726 2674 801 2735 ut
837 2685 999 2756 quae
1041 2661 1205 2747 sibi,
1249 2661 1494 2733 eadem
1547 2661 1714 2731 mihi
1774 2664 2096 2757 voluptas
2152 2661 2270 2733 sit:
2338 2663 2542 2754 longe

390 2811 561 2860 vero
601 2786 883 2860 fallitur:
926 2786 1020 2856 nil
1072 2786 1240 2856 mihi
1293 2785 1560 2878 gratius
1616 2785 1917 2858 silentio:
1980 2797 2138 2887 post
2186 2786 2384 2871 illud,
2447 2787 2542 2858 nil

389 2913 729 3008 colloquio
778 2910 1050 2983 dulcius
1101 2911 1322 2983 amici.
1376 2910 1497 2982 Sin
1546 2910 1795 3005 pergit,
1841 2909 2191 3002 effugiam3
2244 2911 2304 2982 si
2347 2933 2434 2982 ne
2471 2910 2544 2983 id

391 3036 701 3123 dabitur,
756 3036 927 3130 quid
987 3035 1117 3107 sim
1175 3045 1456 3106 acturus
1515 3033 1951 3126 interrogas?
2012 3033 2259 3106 Silebo.
2319 3034 2390 3104 Si
2455 3056 2545 3104 ne

394 3161 462 3230 id
494 3162 825 3254 quidem?
874 3162 1173 3252 Loquar.
1217 3157 1564 3239 Quantum
1618 3160 1830 3228 sane?
1876 3155 2058 3227 Nihil
2107 3157 2413 3229 brevius.
2457 3157 2547 3226 Et

396 3283 569 3373 quid
637 3282 912 3352 dicam‘?
983 3277 1466 3351 Comminabor
1516 3277 1587 3347 in
1648 3278 1888 3372 primis
1951 3278 2025 3349 id
2072 3276 2363 3350 convicii
2424 3297 2548 3367 ge-

397 3427 557 3489 nuS,
608 3403 799 3497 quod
848 3423 1205 3496 nunquam
1245 3399 1569 3472 audierit:
1621 3400 2040 3485 turbabitur,
2078 3401 2542 3492 congelasoet:

397 3537 470 3599 et
498 3528 758 3610 forsan,
795 3534 873 3594 ut
912 3521 1017 3607 fit,
1062 3526 1280 3593 multa
1306 3522 1435 3592 sibi
1463 3522 1814 3607 conscius,
1856 3522 2126 3593 tacebit.
2169 3521 2394 3614 Atque
2435 3520 2546 3591 hic

398 3650 623 3741 iurgio
665 3647 823 3719 finis
847 3647 997 3717 erit.
1035 3644 1390 3740 Siquidem
1416 3644 1589 3716 nihil
1616 3645 1841 3738 magis
1885 3645 2202 3717 maledici
2240 3647 2542 3738 linguam

398 3774 653 3856 frenat,
696 3793 905 3865 quam
949 3768 1395 3843 mordacioris
1437 3768 1721 3841 alterius
1757 3770 2015 3861 linguae
2064 3779 2316 3840 metus.
2354 3769 2426 3839 Si
2458 3791 2544 3839 ne

402 3894 515 3964 hic
542 3904 769 3965 tamen
796 3891 1085 3979 desinet,
1101 3892 1388 3964 culicem
1417 3893 1602 3966 hunc
1627 3893 1884 3986 quibus
1912 3892 2125 3965 armis
2149 3892 2543 3965 excutiam?

402 4016 705 4090 Ulciscar
739 4016 1029 4103 aniliter,
1073 4027 1144 4089 et
1181 4018 1366 4110 quod
1391 4039 1567 4091 anus
1600 4020 1762 4091 anui
1790 4018 2062 4091 dixisse
2095 4018 2400 4102 traditur,
2436 4015 2542 4089 di-

399 4160 552 4210 cam
595 4139 762 4211 sibi:
801 4139 859 4211 Ο
898 4140 1008 4212 vir
1047 4142 1385 4226 maxime,
1430 4142 1881 4235 omniumque
1923 4142 2459 4225 modestissime,
2500 4160 2544 4210 o

281 4255 294 4266 '
400 4266 731 4337 virtutum
757 4263 1051 4359 hospeS,
1079 4288 1121 4338 o
1145 4264 1362 4338 decus
1389 4274 1599 4358 atque
1633 4286 1797 4361 spes
1825 4265 2087 4361 patriae.
2131 4267 2330 4337 Certe
2369 4286 2545 4335 nun-
