3104 4805
679 375 713 421 1.
1510 377 2034 427 PROLEGOMENON.

979 615 1202 670 INITIA
1264 617 1732 674 LITTERARUM
2476 643 2641 691 ORDO
2683 642 3077 691 EPISTOLARUI

784 735 1224 777 Αιιηιηετιεο
1288 737 1519 779 onoma
1585 740 1925 781 nisrosin
2329 754 3077 796 „fis-q

1179 852 1261 900 ΕΤ
1304 854 1545 902 Nonum
2560 865 2808 905 vnn„

740 998 743 1001 ,
811 950 985 993 sonuit
1018 953 1084 992 An
1108 952 1248 1005 nuos
1279 955 1517 995 ιιττειωε
1549 956 1714 996 insse:
1746 957 1896 998 suu-r.
2581 937 2669 967 ⁴⁸⁸¹
2695 930 2795 967 ¹⁵⁰³-

516 1155 815 1228 Impletum
841 1164 926 1213 est
950 1159 1111 1230 plane
1137 1159 1196 1212 in
1223 1158 1400 1214 nobis.
1454 1201 2225 1217 ..............
2593 1160 2652 1214 F.
2693 1160 2780 1214 47.

718 1228 788 1270 Au
818 1227 1023 1273 Loelium.

516 1306 581 1361 In
607 1322 864 1379 campum
890 1309 1147 1365 Martium
1174 1326 1383 1365 omneS.
1448 1352 2223 1368 ..............
2591 1310 2651 1364 F.
2691 1311 2777 1366 82.

715 1377 785 1421 Ad
811 1378 1059 1422 Socratem.

517 1458 1295 1575 Incolumgta‘shffiaegagfflffi
1307 1477 1511 1517 meum.
1568 1504 2222 1519 ............
2520 1463 2574 1516 S.
2618 1460 2762 1515 XIII.
2800 1460 2855 1516 6.

516 1607 745 1678 Indulge
773 1609 910 1663 mihi
936 1627 1031 1665 oro
1059 1611 1611 1682 magnificentissime.
1693 1652 3040 1669 .......................

712 1678 783 1722 Ad
811 1678 983 1723 Ducem
1010 1682 1060 1724 et
1086 1680 1341 1726 Consilium
1368 1684 1695 1729 Genuensium.

517 1758 580 1813 ln
609 1758 830 1814 Elicona
857 1767 1110 1816 nostrum
1138 1764 1558 1836 transalpinum.
1629 1802 3042 1822 ........................

716 1829 784 1873 Ad
816 1829 1075 1887 Philippum
1105 1831 1258 1888 Epioe.
1287 1833 1569 1879 cavallieen.

516 1910 580 1964 In
608 1909 1047 2027 exitudlsfiabellgg
1071 1914 1407 2027 ffiffitffofilax‘
1454 1957 2221 1972 ..............
2545 1913 2601 1966 S.
2642 1912 2737 1966 IX.
2778 1911 2830 1965 1.

518 2059 797 2115 Infelicem
824 2061 1083 2115 invidiam
1110 2061 1247 2118 dixit
1272 2064 1441 2119 Maro.
1511 2108 2221 2123 .............
2589 2062 2648 2115 F·
2688 2062 2775 2117 87-

716 2130 784 2174 Ad
812 2129 1115 2175 Hannibalem
1146 2131 1453 2178 Tusculanum
1481 2135 1618 2180 card.

518 2210 719 2282 Ingens
749 2211 1020 2266 scribendi
1046 2213 1326 2291 negotium
1331 2253 2220 2273 ................
2589 2211 2632 2265 F
2635 2254 2647 2265 .
2688 2211 2775 2265 12-

714 2282 784 2325 Au
812 2280 1071 2337 Philippum
1100 2281 1251 2337 lapiso.
1279 2281 1583 2330 Csvsllieens.

518 2361 716 2431 Ingens
744 2361 880 2416 mihi
908 2363 1164 2418 solatium
1191 2364 1387 2418 attulit.
1452 2406 2217 2422 ..............
2509 2361 2564 2415 S·
2607 2359 2720 2415 XV·
2762 2359 2853 2416 10·

714 2432 783 2475 Ad
811 2432 994 2477 Petrum
1025 2433 1371 2478 Bononiensem.

517 2510 801 2580 Ingentem
828 2512 963 2564 mihi
990 2513 1315 2568 molestiam.
1395 2551 3047 2571 ............................

715 2580 783 2623 Ad
812 2580 1070 2636 Philippum
1100 2582 1254 2638 Episo.
1281 2583 1586 2631 cavellicen.

518 2659 582 2713 In
609 2659 1307 2779 hocs‘iicffihffiffmmgffimn'a
1332 2706 1467 2779 dm..
1508 2709 2215 2722 .............
2587 2659 2630 2713 F
2635 2702 2646 2713 ·
2686 2660 2776 2714 24·

517 2808 795 2879 Insignem
823 2816 1203 2884 tempestatem
1230 2814 1562 2871 describens.
1624 2861 2217 2873 ...........
2586 2810 2646 2863 F·
2688 2811 2774 2865 72-

712 2880 780 2924 Ad
809 2882 1054 2926 iohannem
1084 2882 1356 2929 Columnam
1383 2885 1521 2931 card.

514 2959 579 3014 In
607 2959 924 3018 suburbano
952 2964 1256 3019 VicentinO.
1336 3008 2218 3023 ................
2400 2961 2486 3016 Ad
2523 2962 2636 3015 Vir·
2677 2960 2763 3015 Ill·
2804 2962 2972 3017 Praef·

715 3031 783 3074 Ad
812 3031 1017 3078 Pulieem
1037 3035 1343 3081 vicentinum.

517 3110 667 3165 Inter
692 3120 888 3168 cuncta
914 3132 1036 3186 quae
1063 3116 1217 3170 mihi.
1277 3159 2217 3175 .................
2534 3113 2588 3166 S·
2621 3111 2713 3166 XI·
2744 3111 2832 3166 16-

712 3182 780 3225 Ad
813 3182 1044 3229 Urbanum
1074 3185 1112 3227 V
1142 3186 1273 3232 Bont.
1302 3186 1421 3232 Max.

516 3260 666 3314 Inter
692 3278 951 3319 curarum
978 3282 1228 3321 mearum
1235 3303 3047 3326 ...............................

714 3333 782 3376 Ad
812 3333 1054 3380 Dominum
1083 3335 1391 3383 Pei-mensem.

515 3411 665 3466 Inter
690 3412 1055 3470 humilitatem
1083 3416 1322 3473 sobriam
1329 3454 3049 3477 .............................

712 3484 781 3527 Ad
809 3493 1008 3541 quatuor
1035 3485 1200 3532 Cardd.
1235 3489 1363 3546 Relp.
1395 3489 1523 3535 Rom.
1554 3492 1743 3538 reform.
1773 3493 1902 3538 Proer.

515 3563 666 3618 Inter
692 3566 990 3623 multifidas
1017 3568 1217 3640 quibus
1243 3570 1512 3626 obsideor.
1569 3615 2216 3628 ............
2584 3565 2643 3618 F·
2682 3564 2772 3619 96-

713 3636 778 3680 Ad
810 3636 1053 3683 Barbatum
1080 3638 1438 3686 Sulmonensem.

516 3713 666 3769 Inter
691 3716 811 3772 vitae
839 3720 1000 3773 taedia
1024 3725 1205 3792 atque.
1277 3763 2216 3778 .................
2547 3715 2603 3769 S·
2645 3715 2713 3768 V·
2754 3715 2807 3769 5·

718 3786 784 3829 Ad
814 3788 1038 3835 Donatum
1069 3791 1511 3849 Appenninigenam.

518 3862 783 3919 Invidiam
810 3867 1048 3925 latebris.
1103 3907 3050 3928 .................................

716 3934 784 3977 Ad
814 3936 1071 3994 Philippum
1098 3940 1252 3996 Epise.
1280 3940 1588 3989 cavallicans.

517 4012 780 4069 Invidisse
807 4013 1105 4075 Fortunam
1128 4028 1329 4077 nostrae
1335 4063 2214 4080 ................
2551 4016 2677 4070 Var·
2716 4017 2804 4071 27·

716 4084 782 4128 Ad
812 4086 1056 4135 Barbatum
1084 4089 1446 4137 Sulmonensem.

518 4165 598 4219 Ita
625 4182 723 4237 ego
752 4173 804 4223 te
832 4176 1074 4242 stupens.
1156 4213 2214 4229 ...................
2511 4169 2565 4223 S.
2605 4169 2747 4223 xvi.
2788 4170 2840 4225 8.

711 4237 779 4282 Ad
803 4240 1015 4297 Magnum
1045 4240 1248 4288 Priorem
1276 4241 1539 4288 carthusia
