3104 4805
890 396 1075 445 menn
1115 395 1788 445 rmus—nris'rom
1829 400 1913 447 111.
2392 393 2470 454 43

318 574 457 643 ego
493 571 622 620 nec
654 547 806 618 fieri
846 547 1180 641 potuisse,
1209 569 1335 618 nec
1373 548 1642 619 narrari
1669 546 1926 620 debere
1951 550 2267 625 arbitror.
2305 555 2473 629 Erat

320 697 406 746 ea
445 680 855 765 tempestate
893 670 965 740 in
1006 672 1163 742 aula
1204 669 1634 742 Coloniensis
1676 669 2014 756 Antistes;
2050 674 2161 744 vir
2201 674 2302 769 (ut
2332 700 2475 749 me-

322 796 613 890 morant)
660 796 1020 867 sanctitate
1053 805 1124 865 et
1164 794 1498 888 sapientia
1548 796 1810 878 claruS‚
1847 818 1976 867 nec
2015 819 2155 867 non
2194 800 2471 872 comita-

323 934 435 993 tus
476 932 547 992 et
582 918 847 992 consilii
889 918 1062 1009 regii
1103 918 1324 1011 prima
1371 939 1549 999 vox;
1601 917 1721 1010 qui
1761 918 2022 989 domini
2069 919 2178 990 sui
2221 931 2473 993 statum

322 1045 719 1126 miseratuS,
756 1040 877 1111 ubi
911 1039 1399 1111 animadvertit
1429 1038 1756 1109 humanis
1783 1040 2113 1112 remediis
2146 1042 2316 1113 nihil
2341 1044 2472 1135 agi,

323 1167 414 1238 ad
453 1168 672 1236 Deum
708 1184 962 1235 versus
1003 1162 1194 1232 illum
1233 1162 1518 1233 assidue
1544 1161 1852 1254 precari,
1896 1162 1967 1232 in
1993 1161 2107 1234 illo
2145 1186 2340 1257 spem
2369 1186 2479 1235 re-

326 1311 607 1381 ponere,
647 1286 737 1359 ab
775 1310 862 1358 eo
911 1284 1119 1357 finem
1170 1285 1331 1356 mali
1380 1304 1670 1377 poscere
1719 1287 1935 1357 multo
1983 1306 2142 1357 cum
2193 1287 2474 1378 gemitu.

326 1411 528 1495 Quod
565 1433 723 1481 cum
774 1409 895 1481 diu
944 1409 1251 1493 fecisset,
1311 1430 1440 1479 nec
1503 1407 1863 1479 desiturus
1929 1407 2309 1494 videretur,
2363 1409 2478 1482 die

324 1535 626 1626 quodam
687 1533 935 1605 illustri
1001 1532 1329 1604 miraculo
1389 1541 1743 1603 recreatus
1795 1542 1925 1604 est.
1978 1534 2334 1626 Siquidem
2383 1557 2478 1605 ex

318 1679 517 1728 more
583 1657 1018 1741 sacrificanti,
1075 1667 1145 1727 et
1206 1666 1364 1747 post
1419 1654 1915 1727 devotissimas
1951 1678 2193 1749 preces
2235 1669 2477 1751 pectus

324 1789 398 1849 et
446 1801 638 1850 aram
676 1778 976 1850 lacrimis
1016 1776 1323 1871 implenti
1381 1778 1469 1848 de
1532 1779 1710 1848 coelo
1760 1799 1906 1847 vox
1954 1777 2300 1850 insonuit:
2345 1779 2479 1850 sub

322 1901 654 1973 extinctae
679 1902 985 1972 mulieris
1013 1901 1249 1992 lingua
1273 1900 1526 1971 furoris
1555 1898 1728 1991 regii
1753 1921 2035 1970 causam
2062 1903 2295 1971 latere.
2326 1901 2477 1986 Quo

324 2023 554 2095 laetior
579 2045 766 2109 most,
793 2034 1071 2117 peracto
1106 2021 1466 2107 sacrificio,
1505 2023 1597 2094 ad
1629 2026 1853 2094 locum
1887 2022 2010 2093 ubi
2042 2046 2295 2118 corpus
2330 2038 2482 2099 erat

328 2170 409 2217 se
450 2147 810 2241 proripuit,
853 2158 924 2219 et
970 2149 1122 2218 iure
1162 2146 1545 2241 potissimae
1587 2146 2063 2218 familiaritatis
2106 2148 2321 2240 regiae
2374 2149 2480 2220 in-

329 2279 757 2360 trogressuS,
802 2293 881 2341 os
922 2271 1139 2364 digito
1180 2273 1354 2341 clam
1409 2279 1758 2341 scrutatus
1811 2291 2156 2360 gemmam
2199 2271 2480 2365 perexi-

329 2414 470 2482 guo
505 2393 709 2463 anulo
750 2391 1081 2465 inclusam
1124 2393 1256 2465 sub
1292 2392 1520 2486 gelida
1556 2392 1947 2486 rigentique
1978 2392 2215 2487 lingua
2241 2418 2480 2488 reper-

329 2523 472 2584 tam
543 2515 1072 2589 festinabundus
1139 2517 1397 2587 avexit.
1464 2516 1608 2588 Nec
1679 2520 1894 2588 multo
1957 2527 2117 2609 post
2196 2517 2477 2589 rediens

332 2638 646 2722 CaroluS‚
692 2647 890 2708 etex
928 2640 1429 2711 consuetudine
1479 2640 1570 2710 ad
1618 2648 1925 2732 optatum
1975 2650 2267 2712 mortuae
2317 2663 2481 2711 con-

333 2783 653 2852 gressum
695 2784 1104 2856 properanS,
1143 2773 1428 2855 repente
1462 2763 1638 2834 aridi
1683 2764 2045 2835 cadaveris
2090 2766 2480 2856 spectaculo

332 2906 714 2956 concussus
742 2884 1074 2976 obriguit,
1093 2885 1597 2978 exhorruitque
1622 2896 2027 2970 contactum,
2046 2885 2299 2956 auferri
2325 2908 2478 2955 eam

334 3008 736 3098 quantocius
779 3031 860 3080 ac
900 3008 1178 3101 sepeliri
1227 3008 1499 3079 iubens.
1562 3010 1731 3080 Inde
1773 3018 1954 3079 totus
1995 3008 2065 3077 in
2105 3008 2477 3078 antistitem

335 3153 717 3203 conversus
781 3131 970 3203 illum
1035 3154 1300 3218 amare,
1368 3132 1557 3202 illum
1625 3134 1878 3217 colere,
1947 3131 2136 3202 illum
2198 3129 2267 3200 in
2328 3130 2480 3202 dies

334 3255 589 3325 arctius
633 3256 981 3349 amplecti:
1026 3255 1327 3349 denique
1369 3255 1537 3327 nihil
1580 3255 1713 3327 nisi
1765 3279 1856 3326 ex
1911 3255 2252 3327 sententia
2300 3254 2480 3327 illius

335 3399 573 3468 agere,
611 3378 699 3449 ab
736 3379 850 3450 illo
882 3402 1011 3450 nec
1050 3378 1300 3451 diebus
1336 3402 1465 3450 nec
1504 3378 1823 3450 noctibus
1860 3378 2085 3451 avelli.
2129 3378 2331 3461 Quod
2364 3378 2482 3448 ubi

337 3499 560 3571 sensit
589 3500 700 3570 vir
732 3501 955 3572 iustus
990 3525 1070 3573 ac
1104 3502 1437 3595 prudenS,
1465 3501 1838 3594 optabilem
1866 3503 2039 3573 forte
2072 3499 2324 3584 multis,
2357 3500 2481 3569 sed

333 3646 702 3695 onerosam
738 3623 870 3694 sibi
912 3625 1251 3698 sarcinam
1294 3626 1594 3697 abiicere
1637 3623 1898 3707 statuit,
1944 3621 2354 3712 veritusque
2394 3642 2482 3690 ne

335 3745 400 3818 si
434 3747 549 3815 vel
583 3746 671 3817 ad
702 3769 948 3819 manus
984 3747 1267 3819 alterius
1302 3745 1723 3840 perveniret,
1753 3745 1866 3816 vel
1901 3740 2197 3814 flammis
2231 3763 2485 3811 consu-

331 3878 643 3940 meretur
667 3926 682 3955 ,
727 3870 1003 3943 domino
1045 3894 1172 3943 sno
1212 3870 1474 3964 aliquid
1514 3868 1799 3962 periculi
1849 3866 2147 3948 afferret,
2201 3865 2480 3936 anulum

333 3993 402 4062 in
437 3992 686 4064 vicinae
726 3993 995 4086 paludis
1030 3995 1384 4088 praealtam
1423 3990 1829 4082 voraginem
1865 3985 2218 4060 demersit.
2260 3984 2483 4079 Aquis

332 4118 503 4188 forte
543 4127 686 4189 tum
731 4140 863 4189 rex
896 4141 1056 4189 cum
1091 4115 1493 4211 proceribus
1529 4114 1679 4187 suis
1714 4111 2097 4196 habitabat,
2134 4133 2230 4180 ex
2261 4130 2484 4201 eoquo

331 4252 638 4333 tempore
676 4243 945 4315 cunctis
980 4240 1377 4312 civitatibus
1421 4241 1627 4312 sedes
1672 4238 1782 4310 illa
1824 4239 2107 4331 praelata
2139 4246 2268 4306 est.
2298 4234 2374 4302 In
2398 4253 2480 4301 ea
