3104 4805
910 385 1097 436 unssn
1139 384 1911 436 SECUNDUS.—E1›1srom
1954 388 2034 437 ιν.
2427 376 2542 437 103

380 556 759 619 aerumnaS,
795 556 937 606 non
968 534 1040 604 in
1086 533 1346 606 ultimis
1397 544 1800 607 numeratur
1854 536 2163 606 exilium.
2220 533 2362 608 Aut
2411 559 2544 629 ego

380 662 604 745 fallor,
655 668 774 731 aut
821 658 1202 751 optandum
1245 666 1357 730 est
1399 680 1491 731 ne
1539 662 1716 732 forte
1767 680 2011 731 recens
2069 659 2226 731 haec
2282 660 2542 733 civium

386 796 662 858 tuorum
696 782 799 854 ira
832 784 1192 867 lentescat,
1229 804 1413 854 neve
1444 781 1570 853 tibi
1613 783 1745 855 hoc
1785 781 2017 855 exulis
2052 805 2303 856 nomen
2333 807 2542 857 casus

382 907 633 1001 aliquis
665 904 936 998 eripiat3
980 904 1053 975 in
1097 927 1236 999 quo
1288 905 1591 978 miseriae
1631 905 1826 991 nihil,
1883 907 2144 978 favoris
2195 916 2426 978 autem
2474 915 2544 979 et

386 1029 626 1123 gloriae
658 1029 863 1100 vides
897 1049 1059 1100 esse
1093 1028 1702 1122 quamplurimum.
1741 1029 1878 1102 Sed
1910 1028 2244 1113 laborem,
2283 1029 2540 1122 inquis,

385 1163 591 1245 atque
622 1152 1070 1244 ignominiam
1107 1151 1506 1224 reformidat
1538 1152 1833 1224 animus.
1862 1152 2170 1224 Primum
2198 1175 2375 1245 nego
2410 1156 2546 1226 tale

389 1274 501 1346 hic
542 1274 805 1368 aliquid
845 1275 1100 1359 inesse,
1145 1274 1265 1346 ubi
1305 1273 1608 1347 oblatam
1645 1274 1766 1346 tibi
1807 1296 2081 1368 magnae
2121 1276 2348 1348 laudis
2400 1298 2546 1348 ma-
2662 1378 2668 1383 .

389 1398 655 1482 teriam,
696 1420 777 1470 ac
812 1420 1226 1491 generosam
1270 1398 1490 1470 fuisse
1531 1396 1930 1492 linquendae
1975 1398 2221 1492 patriae
2259 1421 2546 1472 causam

384 1523 518 1593 alto
544 1522 775 1594 animo
800 1520 1142 1594 obiectam
1168 1521 1480 1617 tyrannis
1503 1522 2007 1594 contumaciam
2035 1521 2209 1605 scio;
2226 1521 2346 1593 ubi
2368 1543 2548 1617 prae-

389 1654 572 1717 terea
610 1644 826 1717 otium
865 1655 962 1730 et,
1006 1666 1184 1738 quas
1227 1667 1502 1738 semper
1540 1653 1940 1737 optaveraS,
1981 1644 2296 1717 laborum
2335 1646 2545 1717 ferias

386 1768 732 1840 invenisti.
784 1767 1052 1840 Deinde
1100 1767 1223 1861 qui
1270 1760 1721 1860 ignominiam
1774 1767 1964 1839 timet
2011 1790 2222 1860 quam
2280 1768 2548 1862 peperit

383 1890 640 1977 virtuS,
676 1893 894 1977 famae,
933 1914 1072 1964 non
1094 1890 1375 1963 virtutis
1411 1890 1677 1962 amicus
1718 1899 1847 1962 est.
1892 1889 2026 1973 Qui
2057 1914 2231 1963 vero
2265 1891 2543 1963 labores

386 2016 664 2109 refugit,
699 2027 937 2112 optare
969 2017 1243 2091 desinat
1276 2016 1592 2109 gloriam,
1630 2017 1722 2088 ad
1755 2037 1966 2109 quam
2002 2023 2189 2087 certe
2213 2014 2540 2099 difficilis,

384 2139 509 2211 sed
541 2142 750 2226 clara,
788 2141 860 2212 ni
893 2143 1117 2225 fallor,
1152 2148 1224 2212 et
1255 2138 1683 2212 delectabilis
1718 2138 1837 2211 via
1875 2142 2027 2210 fert.
2071 2138 2221 2209 Tibi
2255 2139 2545 2232 quidem

384 2264 529 2349 uni,
563 2275 643 2335 ut
674 2263 851 2348 dixi,
892 2263 1228 2356 singulari
1261 2263 1567 2357 quadam
1601 2262 2089 2356 praerogativa,
2120 2262 2367 2355 ingens
2396 2264 2562 2360 glo-⁴

383 2386 484 2460 ria
516 2386 724 2459 nullis
759 2388 1093 2460 molestiis
1122 2445 1137 2474 ,
1182 2386 1320 2460 nisi
1351 2389 1527 2460 forte
1560 2408 1738 2482 quas
1775 2394 1849 2457 tu
1887 2385 2037 2480 ipse
2071 2384 2192 2458 tibi
2228 2384 2540 2471 finxeris

383 2512 738 2603 quaeritur.
798 2511 976 2584 Illud
1037 2511 1221 2582 enim
1271 2532 1548 2596 vereor,
1614 2532 1700 2582 ne
1751 2509 1993 2582 alienis
2044 2509 2274 2604 potius
2334 2532 2543 2603 quam

385 2633 522 2704 tuis
570 2632 790 2705 oculis
841 2645 1240 2729 susceptum
1292 2637 1551 2707 vulnus
1603 2633 1926 2729 aspiciaS,
1970 2643 2042 2706 et
2073 2657 2312 2707 casum
2349 2645 2546 2707 tuum

383 2756 603 2829 alieno
635 2757 940 2829 metiaris
976 2757 1293 2830 arbitrio:
1329 2779 1491 2850 quae
1523 2758 1701 2830 adeo
1733 2757 2137 2852 quotidiana
2160 2756 2380 2850 pestis
2406 2767 2541 2843 est,

385 2891 461 2951 ut
485 2881 576 2953 ad
600 2883 970 2952 clamorem
998 2880 1298 2951 alienum
1328 2880 1640 2974 plerique
1668 2879 1984 2964 titubent,
2016 2889 2086 2949 et
2111 2880 2326 2950 multo
2351 2879 2545 2972 prius

383 3002 745 3074 concidant
778 3024 989 3096 quam
1024 3002 1302 3097 impulsi
1337 3002 1509 3085 sint;
1536 3023 1960 3096 quamquam
1996 2999 2167 3071 satis
2201 2997 2545 3092 impulsus

384 3126 608 3198 videri
641 3126 889 3221 possit,
927 3148 1134 3220 quem
1169 3135 1269 3198 tot
1295 3126 1652 3198 hominum
1686 3123 1897 3195 millia
1929 3122 2255 3218 pessimis
2282 3121 2548 3216 opinio-

385 3249 591 3321 nibus
627 3270 1007 3342 perurgere
1038 3272 1179 3321 non
1221 3248 1570 3321 desinunt.
1616 3248 1781 3335 Sed,
1822 3258 1899 3319 ut
1931 3247 2138 3319 valde
2179 3245 2543 3318 imbecillis

386 3371 642 3443 virium
666 3383 776 3444 est
805 3395 1013 3466 quem
1049 3371 1224 3444 lenis
1257 3394 1428 3445 aura
1463 3371 1947 3467 prostraverit,
1978 3371 2081 3443 sic
2112 3391 2401 3464 prorsus
2442 3370 2548 3438 in-

388 3516 634 3566 sanum
677 3495 885 3565 animi
930 3495 1128 3581 scito,
1167 3518 1378 3588 quem
1413 3493 1681 3565 videris
1730 3516 1843 3565 res
1888 3513 2056 3564 suas
2105 3491 2429 3572 aliorum,
2473 3499 2545 3559 et

385 3615 770 3708 praesertim
796 3616 1284 3709 ignorantium,
1315 3613 1702 3709 ponderare
1730 3611 2218 3694 sermunculis;
2239 3610 2378 3704 qui,
2408 3632 2548 3703 quo

387 3738 886 3830 frequentiores
923 3750 1100 3824 sunt,
1137 3762 1222 3811 eo
1260 3736 1532 3811 cautius
1577 3735 2022 3828 contagiosus
2070 3731 2356 3804 morbus
2399 3731 2550 3803 evi-

389 3860 643 3931 tandus
676 3872 808 3948 est,
853 3863 1116 3958 passim
1152 3874 1291 3934 tam
1334 3864 1710 3934 multorum
1749 3858 2107 3932 hominum
2147 3856 2358 3928 corda
2394 3879 2548 3929 cor-

387 3982 668 4076 ripiens.
745 3986 816 4056 Si
880 3986 1053 4059 alios
1129 3986 1372 4058 audire
1448 3984 1784 4070 volueris,
1852 4005 1993 4055 non
2062 3982 2356 4054 deerunt
2426 3981 2547 4074 qui

385 4109 732 4180 fortunam
782 4118 973 4182 tuam
1025 4108 1514 4203 multiplicibus
1565 4117 1859 4181 onerent
1919 4104 2247 4199 querelis,
2309 4102 2429 4197 qui
2481 4113 2547 4175 te

388 4229 803 4305 incolumem
838 4243 1049 4325 atque
1082 4231 1339 4324 optime
1371 4234 1715 4307 valentem
1751 4234 2057 4324 lugeant,
2095 4227 2214 4321 qui
2251 4227 2547 4300 semine-
