3104 4805
590 386 706 451 226
1257 400 1339 449 ns
1383 399 1583 447 nunus
1626 397 2068 447 umtmnmus

590 547 1031 621 serenissima
1071 547 1291 617 fronte
1332 554 1403 614 et
1441 541 1848 635 aequissimo
1887 539 2116 612 animo
2151 541 2501 624 transivit3
2537 540 2629 612 ita
2663 551 2740 613 ut

586 671 890 743 adventu
929 669 1083 741 eius
1122 689 1262 739 non
1314 678 1451 738 tam
1505 686 1660 750 sua,
1711 687 1921 759 quam
1972 663 2282 736 locorum
2331 663 2540 735 facies
2589 687 2741 734 mu-

586 806 755 875 tata;
792 815 920 865 nec
955 802 1091 864 tam
1128 792 1277 886 ipse
1311 791 1381 860 in
1413 788 1851 873 vasconiam,
1882 808 2092 879 quam
2131 787 2474 857 Vasconia
2514 787 2739 857 omnis

586 917 654 988 in
718 917 977 988 ltaliam
1035 914 1398 988 transiisse
1449 912 1825 984 videretur.
1881 910 2083 995 Quod
2133 909 2263 981 iter
2312 929 2446 1000 ego
2498 930 2737 980 secum

584 1043 725 1135 egi3
770 1051 842 1113 et
890 1063 999 1113 me
1048 1039 1314 1111 felicem
1364 1035 1750 1108 recordatio
1803 1036 1950 1106 sola
1997 1033 2183 1116 facit,
2235 1030 2402 1103 dum
2455 1030 2739 1101 memini

584 1180 656 1241 et
693 1163 1294 1239 mansuetudinem
1335 1163 1405 1232 in
1442 1183 1529 1232 ea
1567 1163 1863 1242 fortuna,
1907 1167 1979 1229 et
2010 1154 2463 1229 humilitatem
2499 1156 2570 1224 in
2603 1153 2737 1223 illis

586 1303 685 1365 tot
724 1301 989 1364 naturae
1027 1287 1333 1371 dotibus,
1372 1295 1443 1357 et
1471 1285 1909 1357 honestatem
1944 1283 2016 1352 in
2048 1303 2133 1354 ea
2167 1281 2399 1374 specie
2422 1279 2740 1373 *corporis

584 1415 1092 1488 admirandam:
1133 1412 1435 1504 denique
1472 1410 1641 1483 dum
1683 1409 1754 1479 in
1795 1409 2102 1480 animum
2144 1406 2324 1478 redit
2361 1406 2475 1475 illa
2515 1425 2734 1474 caere—

587 1538 971 1610 moniarum
1011 1536 1318 1608 omnium
1361 1533 1543 1626 iugis
1596 1532 1983 1625 integritas,
2039 1541 2247 1623 atque
2298 1529 2412 1599 illa
2465 1527 2764 1602 iuvenis,

522 1697 526 1701 Α
584 1660 933 1734 Pontificis
976 1660 1273 1756 optanda
1311 1658 1539 1755 potius
1594 1656 1876 1727 senibus
1927 1676 2136 1747 quam
2190 1651 2533 1747 speranda
2582 1673 2744 1743 gra-

584 1786 789 1858 vitas.
836 1784 1067 1857 Sicubi
1107 1792 1448 1856 errantem
1490 1780 1820 1864 audieriS,
1876 1779 2314 1869 interrumpe.
2372 1776 2540 1846 Toto
2589 1774 2743 1866 qui-

586 1909 747 1981 dem
782 1909 895 1980 illo
930 1918 1238 2002 tempore
1273 1925 1682 1999 germanum
1715 1901 2268 1973 amantissimum
2305 1920 2443 1971 non
2476 1896 2738 1969 vidisti.

587 2032 677 2103 At
715 2033 877 2104 inde
911 2033 1188 2104 rediens
1227 2029 1535 2101 substitit
1566 2031 1877 2110 fortasse,
1910 2045 2169 2096 usurus
2204 2022 2573 2116 aliquando
2608 2023 2744 2092 fra-

592 2157 714 2228 tris
766 2155 1200 2250 optatissimo
1257 2152 1599 2224 convictu.
1668 2152 2005 2244 Sperasse
2067 2147 2351 2241 quidem
2416 2144 2487 2216 id
2554 2144 2742 2215 illum

587 2300 766 2364 reor3
812 2301 966 2349 nam
1009 2286 1288 2369 optasse
1330 2283 1564 2344 certus
1610 2294 1812 2343 sum:
1858 2271 1985 2342 sed
2022 2292 2129 2355 ea,
2176 2290 2336 2362 quae
2379 2275 2577 2338 actus
2619 2266 2744 2334 ho-

589 2404 853 2474 minum
902 2399 1293 2492 dispensat,
1337 2394 1616 2467 domina
1656 2394 2006 2488 prohibuit
2043 2394 2335 2465 fortuna.
2392 2387 2746 2482 Siquidem

588 2536 658 2598 et
697 2527 948 2620 domus
987 2533 1056 2592 et
1095 2519 1338 2614 patriae
1378 2517 1729 2588 laboribus
1772 2540 1853 2588 ac
1892 2516 2183 2587 vocibus
2219 2515 2584 2595 excitatuS‚
2613 2507 2746 2580 Ro-

593 2669 773 2719 mam
836 2655 1115 2716 coactus
1180 2652 1293 2713 est
1353 2650 1614 2735 petere3
1667 2659 1805 2730 quo
1855 2648 1924 2707 et
1973 2659 2122 2727 ego,
2169 2636 2288 2729 qui
2331 2645 2494 2705 tunc
2545 2637 2748 2724 longe

592 2769 891 2852 aberam,
930 2766 1158 2858 ipsum
1188 2764 1290 2858 (ut
1330 2762 1491 2855 scis)
1535 2759 1828 2831 dulciter
1861 2769 2292 2839 evocantem,
2335 2768 2401 2825 te
2436 2756 2561 2824 vix
2599 2766 2751 2825 tan-

591 2892 747 2963 dem
788 2889 1250 2982 permittente,
1308 2895 1588 2958 secutus
1644 2904 1818 2953 sum.
1859 2879 2119 2969 „Gt-edo,
2167 2879 2237 2949 id
2279 2887 2529 2966 agente
2572 2877 2746 2955 Deo,

593 3023 669 3085 ut
695 3011 992 3105 geminae
1017 3010 1295 3083 virtutis
1322 3010 1606 3081 mirator
1633 3029 1714 3077 ac
1740 3002 1963 3085 testiS,
1994 3022 2163 3096 pace
2191 3000 2527 3089 belloque,
2562 2994 2747 3064 illius

593 3134 1178 3231 providentissimi
1217 3131 1513 3230 pectoris
1555 3127 1862 3205 consiliis
1903 3127 2334 3196 interessem.
2381 3115 2749 3210 Septennio

596 3262 666 3332 in
716 3259 937 3354 patria
982 3269 1230 3330 exacto
1268 3278 1353 3328 ea
1393 3255 1674 3350 pietate,
1720 3272 1941 3343 eaque
1982 3246 2191 3319 animi
2224 3240 2638 3323 constantia,
2675 3249 2755 3310 ut

599 3384 1043 3477 reliquiarum
1112 3403 1397 3453 suarum
1460 3379 1649 3449 illum
1712 3374 1996 3447 unicum
2054 3379 2484 3441 servatorem
2536 3366 2754 3435 Roma

599 3518 1073 3602 recognoscat,
1112 3516 1183 3578 et
1216 3504 1404 3600 quod
1438 3501 1507 3572 in
1541 3500 1813 3573 cineres
1848 3518 1987 3568 non
2014 3502 2154 3566 tota
2181 3489 2537 3569 corruerit,
2574 3486 2758 3557 illius

601 3635 814 3707 etiam
848 3654 1032 3705 nunc
1056 3629 1402 3702 cineribus
1442 3647 1518 3697 se
1551 3623 1807 3696 debere
1832 3622 2153 3693 fateatur,
2192 3614 2281 3685 ad
2313 3619 2759 3705 conspectum

606 3769 800 3832 tuum
829 3753 1207 3828 novissime
1234 3747 1590 3822 remeavit.
1617 3747 1859 3837 Neque
1884 3740 2179 3835 amplius
2211 3734 2536 3817 substitit,
2552 3752 2759 3825 quam

604 3896 682 3955 ut
725 3882 847 3954 tibi
891 3900 1293 3974 supremum
1336 3896 1469 3946 ave
1511 3872 1715 3943 simul
1751 3879 1820 3940 et
1853 3869 2009 3938 vale
2050 3863 2326 3935 diceret.
2363 3858 2548 3929 Illico
2580 3853 2760 3926 enim

606 4014 677 4075 et
739 4004 1038 4075 desertae
1094 4000 1277 4072 sedis
1336 3997 1744 4070 viduitatem
1799 3991 2196 4071 miseratuS,
2252 3994 2323 4055 et
2375 3975 2760 4054 solitudinis

609 4124 888 4210 avidus,
959 4147 1166 4218 quam
1218 4119 1566 4194 diuturnis
1618 4118 2025 4212 populorum
2077 4105 2527 4181 concursibus
2577 4121 2765 4171 com-

611 4268 906 4343 pensare
971 4248 1403 4328 decreverat,
1459 4240 1831 4334 aliquando
1884 4235 2013 4307 sibi
2065 4232 2197 4329 ipsi
2249 4230 2589 4308 victuruS,
2645 4219 2764 4313 qui
