3104 4805
602 417 644 465 u
1408 414 1935 463 PROLEGOMENON.

598 555 818 621 saeculo
851 555 966 619 XIV
1001 554 1267 617 maxime
1310 557 1651 619 floruerunt
1694 572 1812 617 non
1855 557 2055 619 solum
2093 555 2281 634 probe
2327 559 2600 634 noverit,
2644 560 2746 621 sed

599 671 658 727 et
710 660 997 741 singulari
1052 660 1167 723 sibi
1218 660 1499 723 habuerit
1540 661 1946 739 familiaritate
1987 662 2333 739 devinctoS,
2384 678 2648 741 cumque
2690 671 2749 725 et

599 776 813 831 natura
846 768 920 830 ad
950 766 1138 829 animi
1184 765 1279 827 sui
1322 782 1536 827 sensus
1578 767 1935 846 aperiendos
1968 767 2223 845 pronior
2256 774 2444 843 esset,
2479 772 2538 828 et
2571 766 2748 829 Marci

600 875 778 938 Tullii
804 872 1110 937 Ciceronis
1142 871 1414 950 itemque
1449 871 1622 934 Lucii
1655 872 1864 935 Annaei
1904 864 2144 935 Senecae
2179 873 2452 951 exempla
2479 874 2750 935 sectanda

601 980 718 1044 sibi
751 978 1193 1060 proposuisset,
1230 978 1463 1039 multus
1489 977 1741 1056 quidem
1768 977 1883 1039 fuit
1910 978 1970 1039 in
1997 977 2262 1057 epistolis
2285 976 2750 1052 conscribendiS,

602 1101 866 1165 quarum
899 1084 1108 1146 stilum
1141 1083 1215 1145 ad
1251 1090 1539 1145 veterum
1569 1083 1928 1160 elegantiam
1952 1091 2013 1146 et
2048 1083 2493 1163 simplicitatem
2516 1084 2753 1163 primus

603 1193 729 1273 ipse
756 1198 891 1270 post
921 1189 1089 1252 latini
1109 1188 1410 1250 sermonis
1430 1188 1888 1267 corruptionem
1909 1205 2201 1253 revocare
2225 1207 2337 1269 pro
2365 1190 2598 1253 viribus
2617 1206 2753 1252 con·

601 1295 806 1361 tendit.
842 1294 988 1357 Hinc
1024 1293 1251 1354 factum
1285 1297 1375 1354 est
1408 1297 1504 1366 ut,
1550 1307 1624 1353 eo
1666 1292 1860 1356 adhuc
1903 1294 2180 1373 vivente,
2218 1302 2455 1358 tantum
2487 1294 2754 1375 epistola-

602 1417 744 1463 rum
778 1400 909 1462 eius
945 1395 1316 1463 desiderium
1357 1396 1517 1459 inter
1558 1395 1837 1461 homines
1877 1399 2234 1478 invaluerit,
2271 1409 2339 1464 ut
2372 1402 2447 1466 iis
2481 1402 2648 1464 omni
2682 1417 2759 1463 ex

602 1512 771 1585 parte
803 1501 1196 1582 exquirendis
1228 1508 1289 1564 et
1320 1502 1676 1581 colligendis
1709 1503 2044 1567 doctissimi
2080 1506 2212 1568 eius
2244 1506 2436 1570 aetatis
2471 1505 2595 1568 viri
2621 1521 2756 1586 ope-

603 1625 736 1673 ram
774 1609 1224 1688 impenderent:
1280 1607 1445 1685 quod
1491 1624 1637 1670 cum
1684 1624 1794 1669 nec
1844 1607 2046 1689 ipsum
2087 1610 2473 1673 Franciscum
2516 1609 2755 1683 lateret,

602 1713 880 1778 librarios
912 1713 1080 1777 domi
1117 1712 1360 1790 habuit,
1395 1714 1505 1792 qui
1540 1714 1822 1794 epistolas
1855 1730 1995 1778 suas
2028 1717 2421 1780 asservandas
2461 1714 2756 1778 describe-

605 1827 757 1883 rent.
802 1819 882 1881 Ea
915 1834 1101 1898 porro
1136 1817 1163 1880 f
1171 1816 1261 1880 uit
1302 1816 1362 1880 in
1403 1818 1722 1882 Francisco
1762 1836 2018 1884 casuum
2053 1821 2345 1899 varietas,
2382 1838 2595 1885 rerum
2633 1837 2756 1884 ma·

604 1926 885 2004 gnitudo‚
922 1923 1334 1988 amicitiarum
1366 1929 1426 1986 et
1457 1925 1968 1989 consuetudinum
1999 1926 2197 2006 copia,
2225 1942 2294 1990 ea
2326 1925 2756 2007 peregrinatio·

605 2046 757 2092 num
792 2028 1209 2104 itinerumque
1242 2028 1613 2107 frequentia,
1650 2047 1720 2093 ea
1754 2032 1994 2095 tandem
2028 2031 2171 2095 vitae
2205 2038 2351 2094 actae
2383 2030 2757 2109 longaevitas,

492 2155 497 2159 ·
607 2140 675 2195 ut
727 2132 1122 2213 epistolarum
1174 2130 1306 2193 eius
1358 2147 1659 2194 numerus
1710 2150 1900 2213 prope
1949 2136 2222 2199 infinitus
2275 2135 2571 2212 evaserit,
2612 2134 2761 2196 adeo

607 2244 676 2301 ut
700 2239 774 2301 de
807 2238 1046 2318 scriptis
1082 2237 1210 2299 suis
1239 2237 1588 2301 ordinandis
1615 2237 1934 2316 aliquando
1959 2241 2256 2317 cogitanS,
2286 2256 2475 2318 seque
2501 2239 2761 2301 circum-

608 2350 847 2409 ventam
886 2344 1231 2408 litterarum
1270 2343 1529 2406 cumulis
1571 2348 1631 2406 et
1667 2343 1926 2424 informi
1967 2361 2204 2424 papyro
2255 2345 2512 2408 obsitum
2551 2344 2761 2407 videus

603 2454 807 2530 primo
846 2450 1083 2528 quidem
1132 2449 1383 2526 caeperit
1428 2449 1655 2527 impetu
1705 2455 1923 2512 cancta
1972 2450 2237 2529 flammis
2290 2467 2577 2526 exterere,
2621 2450 2759 2514 dein

610 2561 845 2617 mutato
877 2553 1128 2616 consilio
1160 2552 1423 2632 plurima
1457 2570 1581 2615 non
1610 2553 1744 2615 sine
1777 2555 2051 2633 suspirio
2101 2554 2365 2617 Vulcano
2398 2555 2763 2635 corripenda

609 2659 964 2732 tradiderit;
986 2675 1200 2737 pauca,
1229 2674 1357 2737 qaoe
1382 2662 1584 2721 lamen
1617 2658 1832 2721 lectori
1862 2660 2068 2735 multa,
2097 2660 2216 2723 sibi
2247 2661 2419 2740 lonae
2451 2660 2645 2722 nimia
2677 2660 2762 2721 vi-

612 2764 933 2840 derentur,
964 2764 1164 2825 vivere
1189 2780 1413 2843 passas
1443 2764 1657 2843 suerit.
1699 2764 1894 2840 (Fam.
1935 2765 2149 2846 Proef.)
2181 2766 2348 2841 Haec,
2391 2771 2457 2827 ut
2490 2764 2762 2840 videtur,

613 2883 769 2930 anno
802 2867 993 2933 aetatis
1026 2884 1154 2933 suae
1198 2869 1288 2932 LV
1334 2869 1463 2949 ipse
1504 2868 1737 2933 Socrati
1770 2870 2110 2933 nunciabat.
2147 2869 2326 2933 Senio
2370 2869 2584 2933 deinde
2624 2885 2763 2931 con·

615 2972 806 3036 fectus
846 2974 1092 3052 iamque
1133 2974 1319 3037 morti
1374 2977 1698 3056 proximus
1749 2976 2068 3040 Francisco
2110 2974 2359 3038 Senensi
2410 2976 2646 3039 medico
2700 2991 2764 3037 se

614 3094 929 3157 nunquam
981 3096 1012 3142 a
1076 3080 1391 3143 scribendo
1447 3081 1750 3145 destitisse
1802 3081 2134 3156 fatebatur,
2190 3086 2251 3142 et
2295 3081 2764 3161 quadrinqentas

615 3201 797 3263 eoque
827 3185 1089 3264 amplias
1129 3187 1415 3264 epistolas
1454 3204 1677 3267 maana
1715 3205 1794 3249 ea>
1827 3191 2008 3266 parte
2047 3201 2169 3248 non
2209 3185 2466 3265 amianas
2504 3184 2764 3248 diversis

615 3289 981 3367 temporibus
1014 3292 1093 3353 ael
1123 3292 1398 3354 diversos
1433 3291 1661 3354 duobus
1694 3296 1793 3353 sat
1817 3291 2055 3370 mayrois
2088 3288 2490 3352 voluminibus
2522 3306 2585 3352 se
2607 3302 2767 3350 com-

615 3395 878 3474 pegisse,
905 3395 1071 3458 mille
1101 3395 1247 3458 aliis
1281 3396 1555 3473 reiectis,
1588 3396 1816 3459 nullam
1848 3395 2034 3457 aliam
2058 3393 2126 3455 ob
2149 3411 2396 3457 causam
2421 3411 2594 3474 quam
2613 3395 2770 3474 quod

616 3518 719 3564 eas
755 3502 919 3565 locus
954 3501 1057 3564 ille
1089 3517 1211 3562 non
1242 3505 1497 3579 caperet.
1536 3500 1695 3573 (Sen.
1738 3499 1865 3562 Lib.
1910 3498 2081 3574 XVI,
2122 3500 2209 3578 2.)
2253 3498 2428 3572 Quod
2468 3499 2657 3578 igitur
2696 3497 2767 3559 ad

615 3605 752 3683 has,
789 3622 939 3685 quas
973 3605 1299 3668 servandas
1335 3605 1464 3685 ipse
1496 3604 1698 3683 duxit,
1728 3605 2009 3684 epistolas
2038 3605 2279 3682 attinet,
2306 3606 2571 3686 poeticas
2594 3605 2666 3667 ab
2690 3601 2766 3664 iis

619 3726 770 3789 quas
803 3713 996 3775 soluta
1038 3711 1312 3774 oratione
1352 3710 1684 3774 dictaverat
1722 3712 1996 3791 primum
2037 3711 2334 3789 seiunxit,
2378 3725 2597 3790 easque
2629 3710 2765 3771 Bar-

620 3815 760 3878 bato
795 3815 1182 3881 Sulmonensi
1223 3816 1508 3881 familiari
1552 3834 1668 3881 suo
1717 3817 2059 3897 inscripsit:
2112 3818 2330 3882 alteras
2376 3830 2525 3877 vero
2567 3813 2628 3875 in
2681 3814 2764 3877 di·

623 3936 832 3981 versas
872 3919 1089 3984 classes
1140 3923 1509 4002 diversoque
1549 3923 1797 3986 nomine
1848 3922 2160 3987 distinctas
2205 3925 2284 3985 ita
2324 3919 2655 3994 distribuit,
2698 3924 2765 3978 ut

623 4022 849 4085 litteras
882 4040 1094 4088 omnes
1136 4043 1211 4089 eo
1252 4043 1449 4108 usque
1484 4029 1850 4108 conscriptas
1892 4029 1955 4090 in
1998 4029 2282 4091 volumen
2335 4023 2588 4085 unicum
2626 4038 2762 4084 con-

624 4130 906 4206 traxerit,
946 4128 1211 4212 illudque
1253 4156 1276 4189 ι
1317 4134 1405 4197 De
1448 4134 1625 4196 rebas
1665 4135 2079 4215 familiaribus
2129 4155 2151 4189 ι
2202 4128 2410 4192 vocari
2463 4125 2761 4191 voluerit:

624 4248 774 4312 quas
817 4234 1034 4300 exinde
1078 4238 1413 4317 scripturus
1454 4243 1643 4316 esset,
1696 4238 2056 4318 scripsitque
2099 4250 2316 4298 revera
2361 4234 2554 4313 (vixit
2602 4233 2766 4298 enim
