3104 4805
605 374 679 433 78
1274 387 1355 434 nn
1400 388 1602 437 annus
1645 388 2088 439 mmmmmus

593 534 825 626 patria
875 544 986 621 est.
1038 534 1127 604 Et
1178 544 1410 604 tamen
1460 535 1596 606 hoc
1659 558 1830 607 vero
1891 539 2131 608 verius
2197 549 2346 624 est,
2417 543 2604 632 quod
2665 545 2762 615 ait

602 655 1019 748 Apostolus:
1071 655 1227 724 Non
1279 657 1588 726 habemus
1640 659 1745 727 hic
1798 671 2171 730 manentem
2232 664 2595 747 civitatem,
2651 665 2764 735 sed

601 781 805 847 aliam
856 778 1269 869 inquirimus.
1313 776 1658 849 Videntur
1708 778 1863 850 haec
1917 780 2048 851 sibi
2099 782 2393 853 invicem
2434 785 2756 870 adversa,

602 902 730 971 sed
762 923 902 970 non
938 909 1120 971 sunt.
1165 899 1480 991 Quisque
1513 922 1641 992 pro
1675 902 2086 973 diversitate
2120 906 2553 996 loquentium
2589 909 2759 979 satis

600 1023 909 1093 breviter
960 1021 1149 1115 quod
1202 1021 1547 1092 sentiebat
1610 1024 2006 1117 expressit,
2059 1035 2129 1095 et
2181 1028 2510 1117 quamvis
2562 1030 2759 1099 aliter

600 1155 809 1236 atque
858 1145 1088 1228 aliter,
1146 1153 1440 1235 uterque
1483 1152 1715 1214 tamen
1752 1167 1941 1216 vere.
1988 1147 2058 1216 Si
2099 1157 2375 1239 poetam
2420 1152 2754 1241 sequeriS,

600 1287 738 1334 non
787 1264 1009 1357 potuit
1068 1265 1281 1334 frater
1343 1274 1506 1334 tuus
1559 1274 1764 1335 extra
1813 1268 2108 1358 patriam
2162 1289 2359 1338 suam
2423 1270 2616 1338 mori.
2669 1268 2759 1337 At

603 1386 662 1456 si
711 1385 942 1457 credis
993 1385 1353 1478 Apostolo,
1392 1395 1461 1456 et
1503 1408 1770 1457 omnes·
1801 1399 2006 1459 extra
2057 1390 2348 1482 patriam
2401 1391 2751 1475 morimur,

602 1517 677 1576 ut
720 1506 818 1576 sic
859 1507 1140 1578 tandem
1183 1507 1253 1576 in
1294 1508 1587 1600 patriam
1629 1519 2086 1582 revertamur.
2127 1511 2216 1581 Et
2257 1533 2449 1595 sane,
2495 1520 2759 1581 utram-

599 1629 711 1697 vis
765 1631 1175 1700 sententiam
1232 1629 1575 1722 sequariS,
1631 1631 1800 1701 nihil
1850 1632 2167 1703 invenies
2217 1655 2345 1703 cur
2384 1634 2473 1705 de
2525 1634 2750 1703 fatalis

601 1769 798 1819 zonae
831 1751 1160 1822 distantia
1199 1753 1670 1844 conqueraris.
1739 1756 1953 1824 Detur
1991 1757 2292 1825 fortasse
2333 1755 2752 1840 viventibuS,

602 1882 708 1956 ut,
772 1872 1194 1965 quibusdam
1248 1895 1373 1945 seu
1438 1875 1753 1945 honestis
1817 1875 2179 1946 affectibus
2246 1898 2373 1947 seu
2439 1877 2755 1971 turpibus

601 1993 888 2080 inducti,
946 1999 1169 2067 locum
1222 2020 1438 2067 unum
1489 1998 1688 2067 alteri
1730 1998 2238 2091 praeferendum
2280 2019 2442 2069 esse
2477 2010 2761 2070 conten-

602 2117 808 2188 dant:
852 2121 1287 2188 morientium
1329 2129 1517 2188 certe
1559 2121 1726 2189 nihil
1780 2121 2073 2192 interest
2150 2119 2269 2190 ubi
2322 2122 2759 2213 potissimum

602 2241 1001 2310 moriantur.
1044 2240 1133 2307 Et
1173 2240 1233 2307 si
1272 2239 1380 2308 cui
1422 2242 1846 2312 contrarium
1887 2245 2198 2328 videtur,
2244 2244 2473 2315 adhuc
2511 2265 2586 2314 se
2626 2266 2759 2313 nu-

603 2361 791 2431 tricis
842 2368 912 2429 et
959 2360 1519 2430 muliercularum
1570 2362 1925 2433 erroribus
1999 2364 2343 2437 imbutum
2396 2367 2596 2436 norit.
2652 2366 2764 2436 ln-

602 2492 994 2571 terrogatus
1045 2482 1497 2576 philosophus
1561 2483 1683 2554 ubi
1735 2485 2011 2576 sepeliri
2065 2488 2322 2570 mallet,
2379 2487 2569 2556 Nihil
2618 2507 2762 2555 mea

603 2604 902 2685 interest,
962 2602 1341 2693 respondit.
1417 2603 1714 2695 Undique
1774 2607 1985 2689 enim,
2054 2606 2305 2698 inquit,
2374 2608 2463 2676 ad
2522 2610 2762 2696 inferos

602 2721 1003 2792 tantumdem
1061 2726 1189 2793 viae
1252 2736 1364 2793 est.
1417 2725 1585 2802 Nos,
1640 2725 1896 2817 quibus
1947 2725 2388 2796 adscendens
2441 2728 2761 2796 Christus

602 2843 671 2913 in
721 2848 971 2916 coelum
1035 2847 1505 2918 adscendendi
1568 2868 1760 2939 spem
1814 2845 2119 2935 reliquit,
2158 2846 2471 2915 dicamus
2506 2848 2706 2915 aliter
2730 2850 2764 2913 ⁶?

602 2967 783 3049 Quid
835 2971 1044 3038 refert
1092 2979 1324 3040 utrum
1377 2971 1446 3040 in
1500 2969 1722 3052 ltalia,
1777 2989 1864 3036 an
1917 2966 1984 3034 in
2034 2966 2298 3049 Galliis,
2362 2987 2452 3034 an
2517 2966 2583 3034 in
2645 2966 2764 3032 Hi-

605 3090 866 3182 spaniae
916 3089 1203 3177 finibuS,
1249 3112 1339 3160 an
1379 3092 1449 3161 in
1489 3088 1709 3161 Rubri
1748 3087 1960 3160 Maris
2004 3087 2324 3157 litoribus
2367 3087 2762 3157 iaceamus?

604 3211 920 3301 Undique
969 3211 1060 3283 ad
1108 3215 1358 3283 coelum
1410 3213 1842 3283 tantumdem
1884 3211 2021 3280 viae
2061 3219 2191 3279 est.
2246 3211 2363 3278 Illa
2406 3208 2605 3279 nobis
2648 3209 2762 3277 via

604 3332 931 3404 calcanda
992 3343 1130 3417 est,
1196 3344 1388 3404 arcta
1448 3334 1733 3427 quidem
1798 3343 1869 3403 et
1942 3331 2280 3412 difficilis;
2336 3330 2464 3401 sed
2513 3331 2763 3401 ducem

604 3454 970 3540 habemus,
1031 3478 1241 3548 quem
1296 3466 1674 3549 sequentes
1726 3454 2056 3526 aberrare
2091 3474 2227 3523 non
2264 3473 2666 3546 possumus.
2696 3451 2765 3521 Si

606 3580 696 3649 ad
745 3579 926 3649 illam
978 3579 1165 3647 viam
1219 3587 1653 3670 spectamuS,
1708 3576 1879 3668 quid
1930 3575 2019 3646 ad
2070 3596 2199 3644 nos
2251 3574 2589 3666 pertinet,
2647 3569 2764 3641 ubi

607 3699 786 3771 hane
834 3721 1203 3793 corporum
1258 3700 1601 3771 sarcinam
1672 3699 2157 3790 deponamus?
2216 3695 2352 3764 nisi
2424 3694 2764 3786 suspicari

607 3821 816 3891 libeat
867 3823 1309 3894 difficiliorem
1363 3825 1670 3892 futuram
1722 3841 1887 3890 esse
1937 3821 2143 3909 longe
2194 3816 2565 3888 iacentium
2616 3836 2767 3884 cor-

608 3960 853 4031 porum
888 3944 1516 4037 reassumptionem
1570 3944 1639 4011 in
1691 3940 1806 4012 die
1855 3940 2263 4012 novissimo.
2310 3938 2456 4008 Sed
2488 3938 2618 4004 hoc
2657 3955 2767 4003 re-

609 4060 1074 4150 ligiosissima,
1131 4076 1201 4135 et
1252 4087 1422 4137 vere
1475 4066 1589 4135 tali
1634 4065 1846 4154 digna
1887 4062 2056 4146 filio,
2102 4061 2350 4131 mulier
2389 4078 2524 4127 non
2565 4055 2766 4124 time-

610 4182 769 4263 bat3
820 4203 982 4274 quae
1030 4189 1335 4258 moriens
1388 4189 1862 4277 ordinansque
1915 4186 2004 4257 de
2057 4181 2449 4274 sepulchro,
2508 4175 2762 4258 Ponite,
