3104 4805
540 351 661 413 250

1205 507 1585 575 FRANCISCI
1623 509 2037 575 PETRARCAE

825 741 967 820 DE
1038 742 1444 824 ‘REBUS
1557 744 2414 827 FAMILIARIBUS

1196 976 1503 1049 LIBER
1583 978 2048 1062 QUINTUS.
2117 921 2123 926 ἡ

1548 1215 1698 1226 —-—-—-

1406 1479 1760 1546 EPISTULA
1787 1484 1843 1547 Ι.

699 1673 1085 1725 FRANclchS
1126 1673 1463 1724 PETRARCA
1505 1674 1804 1724 BARBATO
1846 1675 2243 1726 SULMONENSI
2288 1678 2339 1727 S.
2390 1680 2444 1727 P.
2491 1680 2549 1727 D.

1064 1860 1240 1916 Deflet
1266 1866 1503 1916 mortem
1526 1859 1759 1917 Roherti
1784 1862 1951 1934 Regis
1980 1862 2173 1918 Siculi.

741 2105 943 2189 Quod
995 2102 1293 2174 verebar
1341 2102 1632 2188 accidit3
1701 2105 1892 2197 quod
1941 2104 2272 2179 timebam
2323 2109 2568 2201 patior.
2627 2110 2704 2179 In

543 2230 851 2302 dolorem
905 2235 1175 2312 metus,
1226 2236 1396 2298 vota
1454 2227 1524 2296 in
1584 2227 1921 2318 gemitum
1972 2227 2226 2302 abiere.
2286 2230 2440 2301 Non
2491 2231 2705 2303 multo

543 2363 912 2444 antequam
978 2347 1464 2442 praesagirem,
1519 2347 1835 2432 deseruit
1884 2370 2014 2422 nos
2076 2350 2375 2448 inclytus
2410 2352 2525 2424 ille
2576 2374 2707 2425 rex

543 2481 819 2545 noster:
862 2470 1063 2542 cuius
1104 2470 1237 2541 etsi
1272 2481 1544 2542 matura
1585 2481 1762 2543 aetas
1803 2481 2012 2557 esset,
2052 2483 2285 2545 tamen
2326 2473 2704 2566 peracerba

543 2615 732 2666 mors
773 2600 902 2663 est.
939 2593 1030 2661 Et
1066 2592 1207 2662 heu
1248 2613 1362 2662 me
1396 2592 1771 2663 miserum!
1818 2592 2114 2664 Barbate
2156 2596 2439 2687 optime,
2493 2618 2704 2688 quam

544 2736 795 2786 vereor
826 2733 916 2783 ne
949 2710 1063 2783 ina
1097 2716 1375 2806 quoque
1410 2713 1763 2804 praesagia
1797 2712 2161 2784 confirmet
2194 2725 2511 2799 eventuS,
2543 2735 2705 2807 quae

543 2835 711 2907 mihi
756 2834 1068 2927 suggerit
1109 2833 1391 2919 anxiuS,
1438 2843 1509 2906 et
1550 2836 1892 2905 malorum
1945 2855 2230 2905 suorum
2274 2853 2553 2927 semper
2599 2836 2706 2905 ni-

543 2957 676 3029 mis
716 2968 949 3029 certus
990 2967 1190 3029 vates
1231 2956 1506 3029 animus
1548 2978 1773 3027 meus.
1817 2957 1920 3027 lta
1960 2977 2069 3027 me
2110 2954 2373 3046 reginae
2410 2952 2700 3024 iunioris

547 3081 847 3174 novique
882 3081 1071 3174 regis
1107 3078 1600 3165 adolescentia,
1640 3078 1735 3151 ita
1768 3100 1880 3150 me
1916 3077 2181 3172 reginae
2207 3074 2493 3149 alterius
2528 3085 2702 3148 aetas

547 3226 628 3275 ac
667 3203 1138 3298 propositum,
1193 3203 1289 3275 ita
1327 3225 1441 3274 me
1485 3201 1767 3275 tandem
1813 3201 2125 3319 territant
2173 3198 2555 3271 aulicorum
2599 3198 2708 3268 in·-

548 3308 753 3421 g'enia
790 3338 860 3400 et
898 3348 1151 3400 mores,
1192 3326 1497 3399 Mendax
1538 3326 1652 3397 hic
1686 3327 1948 3397 utinam
1993 3324 2124 3397 sim
2159 3323 2520 3417 propheta.
2567 3323 2708 3395 Sed

546 3472 767 3544 agnos
791 3451 971 3523 duos
1007 3452 1378 3522 multorum
1405 3449 1749 3522 custodiae
1783 3451 2105 3542 luporum
2142 3443 2442 3519 creditos
2477 3442 2704 3529 viden,

547 3595 987 3668 regnumque
1029 3573 1177 3646 sine
1219 3594 1408 3666 rege.
1451 3573 1627 3644 Nam
1670 3571 1839 3666 quid
1879 3592 2013 3664 ego
2052 3592 2245 3656 eum,
2289 3569 2409 3663 qui
2450 3567 2542 3641 ab
2575 3567 2709 3639 alio

546 3695 828 3786 regitur,
858 3717 1092 3788 regem
1119 3696 1364 3781 dicam,
1404 3698 1920 3787 multorumque
1948 3692 2244 3765 saevitiae
2267 3691 2711 3787 expositum?

547 3812 805 3905 Itaque,
851 3815 913 3886 si
960 3836 1101 3908 quo
1152 3815 1266 3887 die
1324 3817 1518 3888 Plato
1572 3814 1786 3888 rebus
1838 3815 2164 3887 humanis
2212 3812 2552 3897 excessit,
2607 3811 2706 3881 sol

548 3937 723 4005 coelo
761 3936 1101 4009 cecidisse
1150 3920 1353 4008 visus
1394 3948 1549 4021 est3
1602 3936 1772 4031 quid
1810 3937 1927 4009 illo
1977 3937 2313 4010 moriente
2355 3934 2703 4017 videatur,

547 4053 668 4145 qui
706 4065 778 4125 et
823 4057 1017 4130 Plato
1058 4061 1230 4130 alter
1281 4057 1561 4151 ingenio
1601 4061 1760 4144 fuit,
1814 4068 1888 4131 et
1928 4082 2173 4152 regum
2213 4058 2385 4130 nulli
2436 4066 2558 4128 aut
2596 4075 2710 4126 sa-

548 4174 802 4265 pientia
844 4180 1215 4263 secunduS,
1255 4191 1376 4251 aut
1409 4180 1676 4271 gloria?
1711 4182 1925 4253 Cuius
1960 4193 2306 4274 praeterea
2340 4160 2528 4251 mors
2565 4188 2708 4249 tam
