3104 4805
559 353 678 415 244
1232 365 1314 414 nr:
1358 364 1559 416 annus
1600 364 2044 432 mmufflmus

558 512 700 582 fers
726 507 961 582 iudicii
985 508 1343 593 rationem,
1386 509 1720 604 profiteor
1761 533 1870 582 me
1910 531 2048 583 non
2087 509 2492 602 intelligere.
2536 510 2723 596 Quid

557 634 762 708 enim.
786 623 1047 724 quaese,
1077 630 1210 703 sihi
1247 633 1402 703 vult
1441 632 1632 724 quod
1669 631 1805 703 ais:
1849 654 1987 704 non
2027 640 2097 702 te
2134 632 2324 702 illum
2358 640 2724 726 propterea

536 753 954 854 *praetulisse
995 754 1159 848 quia
1200 754 1293 825 sit
1330 754 1583 839 maior,
1629 755 1759 827 sed
1806 754 1973 848 quia
2012 753 2431 826 fructuosior
2480 755 2724 826 Eccle-

557 878 716 960 siae,
773 876 963 968 quod
1025 876 1097 947 in
1162 876 1465 968 quodam
1530 897 1742 970 opere
1814 885 1934 949 tuo
1998 853 2339 971 probasse
2411 884 2481 945 te
2545 875 2722 947 dicis

556 997 1024 1094 disputatione
1066 997 1504 1090 longissima,
1547 1020 1758 1091 quam
1801 1000 2054 1069 vellem
2095 998 2339 1070 litteris
2380 997 2724 1069 inseruis-

557 1143 708 1203 ses;
752 1121 880 1192 sed
927 1122 1233 1216 profecto
1281 1120 1400 1193 vel
1448 1119 1695 1191 nuntio
1744 1118 2152 1215 pepercisti,
2211 1122 2329 1190 vel
2376 1118 2715 1213 epistolae.

556 1243 760 1328 Quod
824 1254 1057 1315 tamen
1106 1242 1198 1314 ad
1246 1241 1541 1313 huiusce
1607 1241 1708 1314 rei
1758 1242 2237 1337 probationem
2286 1240 2716 1336 praecipuum

554 1374 724 1450 erat,
761 1363 1132 1437 addidisti:
1168 1363 1301 1435 hoc
1336 1363 1594 1436 scilicet
1634 1362 2011 1457 Augustini
2050 1364 2271 1459 ipsius
2311 1361 2719 1435 auctoritate

555 1486 893 1561 concludi.
945 1485 1087 1557 Sed
1149 1508 1239 1557 an
1299 1485 1584 1578 ignoras
1636 1488 1827 1580 quod
1884 1487 1956 1560 in
2024 1485 2334 1580 generali
2398 1506 2722 1558 sermone

556 1630 856 1705 persona
896 1608 1242 1703 loquentis
1283 1607 1678 1704 excipitur?
1715 1609 1901 1693 Quid
1941 1631 2133 1696 vero,
2177 1608 2429 1703 inquis,
2476 1608 2539 1680 si
2574 1606 2722 1680 Au-

556 1732 820 1826 gustini
868 1741 1109 1826 aperta
1156 1731 1503 1808 confessio
1551 1743 1686 1817 est,
1749 1731 1884 1803 sibi
1935 1732 2436 1827 Hieronymum
2468 1731 2720 1825 praefe-

556 1855 818 1927 rentis‘?
857 1855 1028 1940 Quis
1069 1875 1211 1926 non
1261 1850 1455 1927 videt
1493 1854 1665 1948 quid
1716 1853 1806 1926 ad
1847 1853 2001 1926 haec
2049 1854 2185 1926 dici
2223 1851 2521 1926 debeat?
2545 1855 2715 1939 Hoc,

555 1978 870 2072 inquam,
915 2000 1131 2050 unum
1182 1987 1316 2063 est,
1370 1976 1440 2048 in
1489 2000 1631 2072 quo
1678 1977 1863 2049 illius
1915 1976 2411 2050 sacratissimae
2468 1978 2720 2049 animae

557 2099 954 2172 testimonio
1015 2122 1156 2172 non
1221 2108 1508 2186 starem,
1561 2101 1674 2173 cui
1741 2100 2025 2173 insitum
2079 2101 2225 2174 scio
2272 2110 2352 2172 ut
2412 2100 2503 2172 de
2569 2101 2722 2173 aliis

558 2223 887 2314 gloriose,
930 2221 1021 2293 de
1058 2242 1137 2293 se
1178 2231 1412 2293 autem
1453 2221 1807 2294 humiliter
1849 2233 1921 2295 et
1960 2225 2284 2317 loquatur
2330 2231 2403 2294 et
2445 2224 2718 2296 sentiat.

557 2344 712 2438 Ego
749 2342 1032 2437 quidem
1082 2343 1422 2415 fructuosi
1461 2342 1723 2416 laboris
1763 2346 2062 2441 palmam
2104 2347 2174 2417 in
2214 2346 2529 2420 Ecclesia
2576 2343 2724 2418 Au-

557 2467 840 2557 gustino
888 2463 1184 2544 dabam;
1239 2462 1427 2537 haud
1476 2467 1919 2560 pertinaciter
1967 2479 2226 2555 tamen,
2272 2471 2469 2541 velut
2500 2469 2562 2541 is
2602 2469 2723 2561 qui

557 2608 687 2658 nec
737 2585 1065 2678 opinioni,
1118 2608 1249 2658 nec
1300 2597 1540 2669 sectae,
1595 2610 1724 2660 nec
1774 2588 2035 2660 homini
2076 2612 2303 2684 usque
2343 2590 2521 2663 adeo
2565 2612 2719 2663 sum

557 2706 906 2791 addictuS,
952 2714 1030 2778 ut
1077 2704 1272 2777 abire
1321 2729 1459 2779 non
1500 2709 1786 2800 possim,
1839 2709 2132 2782 veritate
2172 2721 2545 2803 comperta.
2576 2713 2721 2783 Hoc

557 2829 746 2922 apud
794 2831 1105 2901 Marcum
1157 2828 1476 2914 Tullium,
1532 2826 1665 2899 hoc
1724 2829 1910 2922 apud
1957 2829 2191 2922 ipsum
2255 2841 2521 2925 patrem
2574 2832 2721 2904 Au-

560 2950 914 3043 gustinum
959 2950 1198 3036 didici,
1251 2950 1443 3044 quod
1491 2951 1643 3044 ipse
1683 2950 1872 3042 apud
1919 2949 2247 3021 eumdem
2289 2950 2581 3021 Tullium
2634 2972 2714 3021 se

558 3071 888 3145 didicisse
925 3095 1066 3145 non
1106 3084 1336 3166 negat.
1373 3074 1545 3145 Nam
1588 3073 1775 3167 apud
1809 3072 2163 3144 Horatium
2206 3074 2527 3145 Flaccum
2562 3073 2719 3141 nul-

560 3195 690 3266 lius
760 3196 984 3265 iurare
1045 3197 1120 3265 in
1179 3196 1381 3265 verba
1444 3196 1774 3286 maqistri,
1828 3216 2002 3288 puer
2041 3194 2275 3278 valde,
2315 3193 2716 3267 didiceram.

563 3319 816 3404 Quanti
849 3329 1081 3389 autem
1118 3319 1254 3390 ista
1287 3318 1425 3389 sint
1455 3317 1608 3413 ipse
1638 3339 1779 3389 non
1803 3315 2228 3401 dissimulaS,
2259 3313 2410 3409 qui,
2438 3315 2573 3386 hac
2596 3313 2724 3387 de-

561 3441 895 3513 fensionis
945 3450 1139 3533 parte
1189 3439 1497 3524 deserta,
1552 3459 1724 3509 mox
1762 3438 1853 3511 ad
1892 3437 2098 3508 aliam
2139 3437 2416 3522 evadiS,
2445 3437 2717 3522 dicens»,

564 3561 890 3634 omnibus
929 3561 1288 3648 excussiS,
1342 3560 1621 3634 omnino
1670 3560 1840 3631 nihil
1880 3579 2041 3632 esse
2081 3561 2273 3653 quod
2322 3568 2391 3630 te
2430 3559 2503 3629 in
2543 3558 2723 3631 hanc

562 3684 953 3779 opinionem
995 3683 1315 3769 traxerit,
1360 3681 1496 3753 nisi
1546 3680 1901 3774 indignam
1943 3681 2319 3773 quamdam
2369 3690 2441 3751 et
2481 3680 2724 3772 singu-

563 3807 779 3876 larem
815 3827 984 3898 erga
1026 3807 1522 3902 Hieronymum
1561 3804 2126 3897 ingratitudinem
2180 3805 2529 3878 Italorum.
2579 3806 2724 3876 Hoc

563 3938 674 3998 est
720 3927 892 4000 illud
941 3929 1222 4001 unicum
1262 3928 1720 4025 patrocinium
1761 3948 2000 4001 causae
2041 3939 2211 3999 tuae:
2250 3928 2384 4000 hoc
2432 3937 2571 4011 est,
2616 3926 2724 3996 in-

564 4068 803 4139 quam,
847 4048 1016 4120 illud
1063 4050 1236 4121 mihi
1285 4052 1473 4122 nulla
1511 4073 1608 4122 ex
1656 4060 1855 4145 parte
1879 4051 2302 4123 intellectum
2343 4071 2474 4121 nec
2519 4046 2723 4117 intel-

564 4167 821 4259 ligibile
886 4183 1395 4262 argumentum.
1447 4175 1789 4259 Quaenam
1838 4174 2020 4247 enim
2090 4173 2247 4245 haec
2295 4168 2721 4263 ingratitudo
