3104 4805
656 373 773 434 408
1329 383 1409 430 nr:
1453 383 1654 431 nanus
1696 382 2137 434 mutuamus

657 537 780 598 rat.
823 525 1081 597 Eadem
1127 536 1299 595 aetas
1339 536 1523 608 erat,
1568 528 1815 599 eadem
1866 529 1974 599 vis
2025 529 2263 613 animi,
2319 551 2443 622 par
2492 534 2806 627 corporis

657 649 880 739 vigor,
926 646 1108 717 idem
1150 655 1221 716 et
1259 669 1454 717 amor
1495 670 1846 720 armorum
1897 661 1968 720 et
2004 673 2341 742 equorum
2396 653 2702 724 studium
2736 667 2808 725 et

653 766 1004 860 equitandi
1054 767 1315 859 peritia.
1368 767 1561 838 Alter
1611 792 1890 861 quoque
1942 773 2308 842 Marcellus
2351 772 2420 841 in
2460 774 2645 857 dieS‚
2689 778 2803 846 vel

657 890 714 958 si
768 889 936 981 quid
986 889 1306 959 Marcello
1345 889 1628 972 clarius,
1687 889 1915 962 fiebat.
1969 893 2145 973 Quae
2194 915 2354 963 cum
2396 894 2488 964 ita
2545 906 2802 979 essent,

652 1030 1214 1102 quaquaversum
1282 1031 1641 1080 romanum
1709 1022 1989 1083 resonat
2049 1035 2330 1097 nomen,
2395 1018 2609 1107 vulgo
2672 1018 2806 1086 iam

653 1129 1102 1214 felicissimiS,
1158 1130 1215 1200 si
1279 1129 1412 1200 dici
1465 1141 1715 1223 potest,
1771 1134 2059 1218 felicior,
2116 1157 2197 1204 ac
2250 1136 2538 1205 summis
2590 1135 2810 1206 subli-

652 1252 828 1322 mior
868 1249 1241 1322 videbaris.
1288 1253 1424 1322 Sed
1467 1252 1819 1343 sapientes
1862 1264 2237 1346 expectare
2290 1253 2494 1324 finem
2537 1254 2801 1340 iubent,

654 1373 840 1467 quod
897 1374 1010 1443 ille
1068 1373 1658 1445 fortunatissimus
1708 1375 1869 1445 olim
1924 1396 2055 1445 rex
2106 1375 2480 1469 Lydiorum
2532 1377 2807 1446 Solonis

654 1495 941 1566 consilio
982 1494 1413 1566 monebatur.
1458 1497 1559 1565 Re
1599 1496 1782 1565 enim
1828 1516 1994 1566 vera
2037 1496 2125 1565 de
2171 1497 2441 1567 mortali
2491 1497 2808 1569 felicitate

655 1639 844 1687 mors
881 1617 1155 1699 iudicat,
1194 1627 1264 1686 et
1289 1615 1475 1708 quod
1500 1616 1912 1701 mirabiliuS‚
1944 1618 2035 1688 de
2069 1627 2353 1688 aeterna.
2390 1619 2605 1689 Nemo
2638 1641 2809 1710 ergo

655 1737 993 1818 confidat;
1046 1736 1307 1809 lubrica
1376 1738 1665 1809 felicitas
1731 1747 1862 1808 est.
1914 1738 2039 1808 Vis
2091 1748 2159 1810 te
2220 1738 2486 1810 felicem
2546 1740 2810 1810 fatear?

654 1861 961 1942 Morere;
1028 1860 1180 1929 veri
1241 1868 1455 1930 testes
1519 1860 1690 1930 vitae
1749 1869 1914 1930 sunt
1976 1860 2150 1931 cinis
2214 1881 2295 1930 ac
2355 1863 2807 1953 sepulcrum:

655 1985 853 2055 aliter
901 1982 1083 2053 enim
1127 2002 1268 2073 quo
1309 1981 1508 2053 altior
1546 2003 1650 2065 eS,
1708 2004 1793 2052 eo
1842 1981 2147 2073 graviori
2199 1981 2521 2053 subiaces
2563 1983 2807 2054 ruinae.

657 2107 945 2177 Unicum
1011 2103 1348 2174 felicitatis
1388 2106 1794 2196 exemplum
1846 2125 2006 2173 eras
2056 2103 2275 2175 nostri
2341 2104 2699 2198 temporis,
2748 2103 2808 2173 si

657 2226 880 2318 qualis
924 2225 1091 2295 vitae
1129 2244 1412 2303 cursus,
1471 2223 1626 2293 talis
1677 2222 1913 2293 exitus
1966 2223 2232 2292 fuisset.
2274 2222 2458 2292 Nihil
2499 2222 2659 2292 mali
2700 2232 2810 2294 est

655 2346 842 2440 quod
881 2366 1017 2417 non
1063 2367 1299 2417 secum
1343 2344 1585 2415 afferat
1627 2347 1833 2435 longa
1874 2353 2068 2416 aetas.
2116 2346 2203 2416 Ut
2242 2345 2618 2414 multorum
2663 2344 2810 2415 die-

658 2492 809 2538 rum
868 2467 1247 2556 navigatiO,
1315 2466 1415 2537 sic
1471 2470 1847 2537 multorum
1909 2487 2248 2537 annorum
2295 2466 2440 2535 vita
2481 2477 2610 2536 est.
2660 2466 2809 2535 Non

657 2609 869 2657 unum
937 2588 1113 2657 coelo
1180 2585 1407 2671 siduS,
1454 2609 1589 2657 non
1645 2576 1785 2657 una
1833 2598 2207 2681 tempestas
2274 2587 2560 2678 pelago;
2621 2606 2810 2678 saepe

654 2707 1037 2779 flectendus
1087 2709 1355 2792 clavuS‚
1414 2730 1606 2802 saepe
1657 2708 2127 2779 contrahenda
2172 2718 2335 2778 sunt
2371 2707 2704 2778 carbasa:
2742 2719 2814 2775 et

656 2850 846 2921 saepe
914 2830 1086 2922 (quo
1153 2828 1318 2898 nihil
1387 2829 1844 2922 periculosius
1886 2829 2098 2899 habet
2147 2850 2261 2899 ars
2314 2826 2622 2918 nautica)
2684 2847 2812 2918 pro

655 2960 1016 3021 ventorum
1072 2950 1407 3020 varietate
1458 2948 1795 3020 flectenda
1839 2961 2020 3020 sunt.
2065 2950 2433 3040 Nunquam
2481 2957 2809 3037 expectes

658 3083 732 3142 ut
795 3072 914 3144 diu
982 3073 1070 3142 sit
1112 3072 1393 3141 immota
1454 3069 1917 3161 tranquillitas
1985 3079 2108 3141 aut
2169 3070 2382 3140 maris
2446 3076 2559 3139 aut
2610 3065 2806 3134 vitae.

655 3195 1009 3265 Mutantur
1049 3193 1332 3263 assidue
1384 3213 1617 3261 rerum
1669 3192 1908 3275 facieS,
1964 3202 2035 3262 et
2085 3211 2275 3283 saepe
2315 3186 2810 3261 serenissimus

659 3338 859 3387 mane
898 3316 1050 3386 dies
1093 3313 1329 3385 nubilo
1373 3312 1509 3385 fine
1550 3313 2003 3385 concluditur.
2175 3302 2186 3310 ’

974 3507 1144 3568 Mene
1176 3508 1315 3569 salis
1349 3506 1562 3586 placidi
1597 3505 1838 3566 vultum
1873 3509 2212 3584 fluctusque
2245 3505 2483 3583 quietos

978 3603 1263 3679 Ignorare
1299 3602 1516 3664 iubes?
1551 3600 1718 3663 Mene
1750 3601 1892 3662 huic
1924 3601 2229 3662 confidere
2262 3588 2602 3661 monstro?

655 3805 800 3876 Hoc
840 3803 1026 3897 apud
1062 3803 1425 3893 Virgilium
1478 3803 1594 3872 ille
1644 3803 1952 3873 famosus
1995 3812 2203 3872 nauta
2258 3803 2327 3870 in
2382 3801 2551 3871 mari
2604 3800 2814 3871 dicit:

654 3923 787 3995 hoc
827 3924 1014 4016 apud
1058 3925 1363 4015 seipsum
1412 3923 1691 4015 sapiens
1736 3924 1845 3993 vir
1886 3923 2050 3994 dicit
2098 3923 2169 3992 in
2223 3924 2384 3997 vita.
2435 3921 2636 3991 Nihil¹
2667 3943 2819 3991 me-

657 4045 787 4112 tuit
836 4057 1147 4116 armatus
1199 4055 1270 4115 et
1319 4044 1457 4137 iugi
1516 4044 1957 4116 meditatione
2008 4055 2439 4136 praeparatus
2490 4042 2816 4111 animus:

658 4164 1117 4254 improvidum
1162 4178 1231 4237 et
1274 4166 1402 4237 sibi
1444 4169 1604 4236 laeta
1648 4166 1879 4235 omnia
1928 4166 2433 4257 promittentem
2483 4158 2821 4254 quaelibet
