3104 4805
559 393 635 450 (ὶῦ
1232 401 1312 446 DE
1357 400 1559 446 REBUS
1603 400 2044 448 FAMILIARIBUS

561 552 652 621 tio
693 548 1081 641 explicanS,
1121 546 1497 617 verborum
1535 546 1884 638 suffragiis
1921 571 2056 618 non
2090 561 2352 639 egerem
2384 551 2475 622 ad
2509 563 2717 624 caete-

558 694 790 743 rorum
829 671 1069 769 saltem
1106 668 1496 753 utilitatem,
1532 667 1951 761 quibuscum
2021 671 2361 758 vivimuS‚
2394 674 2718 746 laboran-

557 795 725 865 dum
797 793 968 863 erit:
1044 813 1340 884 quorum
1415 790 1684 863 animos
1761 792 2016 863 nostris
2090 772 2714 886 colloquutionibus

558 914 928 1009 plurimum
1006 912 1322 984 adiuvari
1384 933 1595 1006 posse
1634 935 1773 985 non
1818 914 2212 1005 ambigitur.
2251 918 2551 988 Instabis
2595 940 2716 989 au-

561 1046 723 1121 tem,
779 1046 850 1107 et
899 1034 1121 1107 dices:
1175 1034 1313 1105 heu
1396 1045 1730 1126 quantum
1794 1046 1865 1106 et
1914 1037 2113 1107 nobis
2191 1039 2402 1109 tutius
2462 1050 2531 1111 et
2582 1039 2713 1111 illis

559 1158 905 1228 efficacius
946 1159 1170 1227 fuerat
1210 1155 1530 1241 suadere,
1572 1166 1912 1229 uteorum
1948 1158 2162 1230 oculis
2199 1170 2460 1231 nostrae
2495 1161 2716 1230 virtu—

562 1280 648 1349 tis
690 1280 1011 1371 exempla
1053 1277 1557 1369 praeberemus,
1596 1301 1892 1369 quorum
1929 1279 2023 1350 illi
2059 1279 2563 1373 pulchritudine
2595 1281 2718 1353 de-

564 1399 805 1484 lectati,
837 1398 926 1469 ad
954 1397 1348 1470 imitationis
1386 1398 1719 1491 impetum
1756 1404 2198 1492 raperentur!
2237 1402 2496 1472 Natura
2531 1403 2715 1472 enim

562 1519 695 1591 hoc
734 1519 971 1604 habet,
1011 1531 1087 1590 ut
1121 1523 1335 1590 multo
1368 1522 1640 1607 meliuS,
1670 1524 2023 1613 multoque
2051 1523 2318 1593 facilius
2345 1524 2715 1603 factorum,

563 1662 774 1733 quam
816 1642 1188 1713 verborum
1233 1643 1528 1714 stimulis
1565 1642 1982 1726 excitemur3
2019 1667 2277 1737 perque
2317 1644 2497 1716 banc
2530 1645 2715 1716 viam

565 1763 957 1856 expeditius
986 1764 1077 1836 ad
1102 1787 1377 1836 omnem
1408 1764 1682 1837 virtutis
1719 1765 2152 1838 altitudinem
2188 1790 2713 1859 consurgamus,

569 1887 721 1977 Ego
762 1908 933 1958 vero
1000 1910 1139 1958 non
1190 1887 1549 1960 adversor.
1611 1888 1792 1973 Quid
1841 1889 2023 1959 enim
2076 1889 2162 1960 de
2213 1890 2344 1960 hoc
2396 1890 2719 1962 sentirem

570 2008 704 2080 iam
759 2019 923 2081 tunc
975 2010 1359 2101 intelligere
1399 2011 1710 2102 potuisti,
1755 2034 1972 2104 quum
2016 2009 2084 2080 in
2127 2011 2370 2105 primis
2414 2011 2717 2082 animum

574 2131 1126 2222 componendum
1160 2152 1321 2201 esse
1353 2132 1761 2223 praemonui.
1788 2134 1944 2205 Non
1968 2133 2293 2226 equidem
2324 2133 2475 2204 sine
2508 2154 2720 2204 causa

575 2273 731 2322 reor
771 2250 1041 2322 dixisse
1083 2249 1504 2343 Satyricum:

1209 2425 1405 2504 prima
1437 2428 1594 2489 mihi
1625 2429 1805 2491 debes
1839 2431 2028 2491 animi
2065 2431 2248 2494 bona:

569 2642 706 2690 non
748 2631 984 2690 essent
1032 2632 1261 2691 autem
1312 2622 1560 2715 prima,
1616 2627 1675 2694 si
1715 2626 1885 2716 quid
1925 2627 2037 2695 illa
2087 2629 2535 2717 praecederet.
2589 2631 2724 2701 Ve-

569 2749 956 2811 rumtamen
992 2753 1327 2834 quantum
1360 2767 1643 2837 quoque
1678 2745 1768 2815 ad
1801 2742 2348 2815 informationem
2393 2747 2720 2819 humanae

570 2861 737 2932 vitae
770 2862 995 2955 possit
1026 2864 1442 2955 eloquentia,
1471 2874 1541 2936 et
1577 2864 1763 2956 apud
1799 2865 2051 2934 multos
2088 2873 2408 2933 auctores
2445 2864 2716 2950 lectum,

570 2994 640 3054 et
687 2984 1090 3076 quotidiana
1138 2985 1566 3078 experientia
1606 2994 2064 3067 monstrante,
2109 2993 2535 3074 compertum
2588 2995 2716 3054 est.

569 3106 791 3190 Quam
828 3109 1108 3192 multOS‚
1147 3104 1400 3199 quibus
1428 3107 1596 3178 nihil
1631 3107 1908 3178 omnino
1941 3102 2367 3198 loquentium
2402 3106 2721 3195 exempla

568 3228 1024 3312 contulerant,
1053 3238 1255 3298 aetate
1284 3240 1546 3316 nostra,
1579 3232 1773 3301 velut
1802 3237 2250 3320 experrectos
2277 3227 2718 3318 agnovimus,

566 3358 637 3420 et
676 3371 718 3419 a
760 3349 1318 3421 sceleratissimae
1370 3351 1537 3423 vitae
1589 3375 1831 3436 cursu,
1903 3351 1993 3423 ad
2046 3371 2388 3421 summam
2442 3358 2725 3440 repente

568 3469 978 3541 modestiam
1044 3471 1291 3543 alienis
1355 3483 1621 3544 tantum
1681 3474 1973 3546 vocibus
2032 3472 2252 3543 fuisse
2301 3474 2727 3542 conversos?

570 3592 720 3661 Non
773 3594 1066 3663 referam
1120 3593 1242 3663 tibi
1294 3617 1507 3679 nunc,
1565 3617 1726 3687 quae
1777 3596 1866 3666 de
1926 3595 2056 3666 hac
2106 3615 2181 3665 re
2231 3593 2320 3663 M.
2367 3592 2606 3664 Cicero
2657 3593 2727 3662 in

567 3711 762 3784 libris
818 3715 1297 3787 Inventionum
1350 3716 1698 3810 copiosius
1752 3716 2093 3810 disputat;
2140 3725 2250 3787 est
2298 3715 2483 3786 enim
2534 3716 2726 3785 locus

568 3831 680 3902 ille
752 3836 1192 3908 notissimus:
1254 3859 1383 3908 nec
1438 3836 1741 3910 fabulam
1792 3839 2074 3932 Orphei,
2130 3839 2246 3909 vel
2295 3835 2725 3930 Amphyonis

570 3948 1012 4038 interseram3
1056 3980 1352 4050 quorum
1391 3959 1503 4031 ille
1544 3959 1810 4031 belluas
1865 3959 2234 4044 immane3‚
2280 3959 2394 4029 hic
2445 3955 2724 4027 arbores

569 4093 648 4142 ac
701 4095 877 4145 saxa
928 4090 1132 4150 cantu
1186 4082 1516 4166 movisse,
1564 4093 1633 4153 et
1683 4104 2125 4176 quocumque
2178 4083 2381 4152 vellet
2432 4075 2727 4147 duxisse

570 4192 1002 4284 perhibetur,
1034 4202 1309 4274 nonnisi
1336 4214 1619 4296 propter
1649 4207 2107 4276 excellentem
2136 4197 2557 4279 facundiam,
2588 4217 2727 4287 qua
