3104 4805
935 459 1120 506 LIBER
1162 459 1505 508 SECUNDUS.
1528 461 1936 511 —EPISTOLA
1981 465 2058 513 lv.
2488 457 2564 516 99

414 604 552 673 mel
607 602 786 671 male
839 599 1330 673 tractaverint?
1394 602 1664 675 Nullius
1726 627 2033 676 amorem
2094 609 2317 701 magis
2368 607 2573 681 arde-

417 745 641 809 scere,
672 744 883 815 quam
917 721 1069 793 eius
1106 722 1225 816 qui
1260 746 1428 817 erga
1462 723 1967 797 benemeritam
2003 750 2081 799 se
2117 730 2336 820 gessit
2368 752 2574 823 aspe-

417 849 612 920 rius?
643 845 752 916 An
788 858 855 918 te
891 847 1113 939 magis
1150 846 1495 918 exterruit
1526 847 1830 918 edictum
1856 848 2123 940 patriae‚
2151 873 2308 942 quo,
2346 852 2570 944 poenis

417 971 777 1057 adhibitis,
834 981 1143 1055 cavetur,
1197 994 1285 1041 ne
1335 971 1425 1041 de
1473 971 1887 1043 revocandis
1940 972 2266 1045 exulibus
2318 976 2574 1046 mentio

418 1098 555 1167 ulla
582 1093 702 1166 fiat
727 1095 817 1167 ad
842 1097 1221 1188 populum?
1254 1094 1444 1165 Scire
1477 1106 1708 1165 autem
1736 1094 1975 1180 deheS‚
2007 1099 2414 1190 populorum
2450 1120 2577 1168 vo-

419 1219 720 1288 luntates
774 1217 955 1287 sicut
1003 1216 1330 1307 ingressu
1379 1217 1758 1289 frementes
1818 1228 1889 1287 et
1946 1219 2166 1289 variae
2227 1231 2411 1305 sunt,
2476 1219 2577 1290 sic

421 1360 801 1431 progressu
832 1338 1067 1409 faciles
1103 1348 1172 1408 et
1205 1337 1566 1410 instabiles
1602 1342 1768 1411 sore.
1812 1341 1953 1412 Sed
1992 1350 2104 1412 est
2143 1340 2464 1434 quaedam
2507 1341 2577 1411 in

422 1462 669 1533 animis
721 1460 1148 1546 mortalium,
1202 1484 1414 1554 quam
1463 1473 1534 1534 et
1583 1464 1881 1534 tenuiter
1931 1463 2167 1550 vide0,
2222 1477 2294 1536 et
2341 1464 2579 1537 verbis

425 1584 757 1677 consequi
817 1606 1119 1676 nequeo,
1197 1583 1614 1656 miserabilis
1666 1597 1738 1658 et
1786 1589 2065 1658 funesta
2119 1585 2578 1679 perversitaS,

425 1732 630 1781 aures
687 1707 1202 1780 obstruentium
1260 1707 1607 1780 adversus
1669 1711 2009 1780 salutares
2069 1710 2580 1782 consolatorum

428 1853 661 1915 voceS,
691 1840 898 1922 atque
932 1829 1256 1901 omnibus
1291 1829 1517 1900 modis
1559 1828 1630 1898 id
1665 1830 2048 1922 agentium,
2077 1841 2155 1900 ut
2180 1830 2581 1901 miseriores

430 1953 619 2035 fiant,
648 1977 828 2025 neve
862 1954 1149 2047 aliquid,
1183 1955 1373 2047 quod
1406 1955 1719 2026 dolorem
1744 1953 1960 2024 lenire
1985 1952 2229 2046 possit,
2258 1952 2579 2044 obrepat:

430 2101 568 2171 quo
617 2077 784 2149 nihil
834 2076 1219 2169 excogitari
1270 2087 1525 2171 potest,
1571 2099 1661 2148 ne
1697 2077 1922 2149 dicam
1963 2075 2359 2148 dementius
2398 2096 2581 2147 esse.

427 2204 622 2274 Nunc
659 2188 850 2286 vero,
892 2201 1218 2294 quoniam
1263 2200 1363 2271 sic
1403 2209 1471 2270 te
1511 2199 1831 2271 affectum
1872 2198 2182 2284 inveni0‚
2221 2209 2298 2269 ut
2330 2198 2587 2290 despe-

428 2327 764 2398 rationem
805 2324 1071 2396 reditus
1115 2323 1211 2396 tui
1253 2347 1377 2418 pro
1417 2322 1717 2417 quadam
1767 2323 1873 2420 (ut
1922 2321 2016 2393 ita
2066 2319 2408 2416 dixerim)
2463 2341 2586 2391 vo-

431 2454 687 2546 luptate
723 2451 1095 2545 suscipiam,
1134 2450 1226 2522 ab
1258 2449 1370 2521 illa
1397 2460 1591 2543 parte
1617 2471 1900 2520 manum
1930 2447 2299 2531 retraham,
2329 2446 2400 2515 in
2427 2468 2584 2539 qua,

433 2576 725 2644 multum
790 2571 1227 2658 intractabili,
1298 2571 1802 2644 medicamenta
1851 2572 1947 2643 nil
1999 2575 2332 2643 relevant.
2405 2569 2590 2654 Quid

434 2707 662 2768 autem
696 2696 1042 2788 prohibet,
1082 2694 1353 2767 illorum
1387 2719 1581 2768 more
1621 2695 1741 2789 qui
1784 2718 1923 2767 uno
1964 2706 2085 2766 aut
2124 2697 2341 2766 altero
2376 2714 2594 2762 mem-

435 2820 559 2891 hro
591 2819 879 2912 perdito,
918 2841 1006 2890 ne
1039 2841 1166 2911 per
1191 2819 1535 2911 reliquum
1578 2843 1833 2914 corpus
1860 2819 2138 2890 infectae
2171 2816 2387 2910 partis
2430 2836 2594 2885 con-

436 2941 619 3035 tagia
639 2940 1051 3026 dilabantur,
1080 2941 1399 3035 proxima
1422 2940 1948 3023 circumliniunt,
1977 2937 2290 3010 vulneris
2316 2956 2595 3028 quoque

436 3066 533 3136 tui
567 3088 727 3137 oras
762 3064 1056 3160 ambire,
1100 3075 1198 3150 et,
1242 3088 1333 3137 ne
1373 3064 1443 3135 in
1486 3075 1702 3137 totum
1747 3063 2055 3135 animum
2095 3062 2292 3133 dolor
2335 3068 2593 3151 serpat,

436 3187 843 3281 conquisitis
878 3207 1091 3279 prope
1123 3187 1445 3259 fomentis
1479 3188 1890 3259 occurrere?
1922 3184 2105 3270 Noli,
2143 3203 2412 3276 quaes0‚
2464 3189 2602 3250 tre-

439 3311 711 3403 pidare:
747 3331 887 3381 non
919 3308 1081 3380 illuc
1114 3308 1371 3402 digitos
1407 3310 1696 3382 inferam
1723 3309 1846 3381 ubi
1872 3320 1946 3380 tu
1971 3311 2205 3380 forsan
2239 3313 2599 3399 expectas:

445 3432 614 3503 nihil
652 3443 893 3506 contra
931 3432 1324 3527 opinionem
1367 3445 1555 3505 tuam
1597 3433 1807 3505 hodie
1845 3433 2158 3504 dicturus
2201 3450 2379 3499 sum.
2425 3424 2601 3495 Illud

445 3555 691 3648 potiuS,
761 3579 871 3643 ne,
942 3579 1100 3628 cum
1170 3555 1378 3627 unius
1444 3555 1548 3624 rei
1608 3552 2123 3646 desperatione,
2193 3557 2605 3618 caeterarum

443 3680 751 3751 omnium
792 3680 1137 3751 subeunte
1170 3678 1477 3762 fastidio,
1517 3676 1727 3748 totius
1763 3675 1931 3746 vitae
1973 3683 2113 3743 tuae
2148 3667 2603 3760 tranquillitas

444 3813 703 3894 pereat,
734 3803 991 3886 enitor3
1019 3802 1298 3896 quando
1325 3800 1421 3873 ita
1445 3799 1585 3886 vis,
1615 3808 1693 3870 ut
1718 3793 2277 3888 redintegrandae
2310 3791 2430 3862 tibi
2459 3791 2609 3883 spei

447 3926 636 3995 nulla
683 3925 850 3995 mihi
896 3947 1060 4018 spes
1105 3924 1426 4020 supersit.
1471 3922 1691 4014 Finge
1728 3922 1959 4014 itaque
2000 3916 2071 3987 in
2112 3914 2321 3986 exilio
2361 3912 2611 3983 viven—

447 4044 617 4118 dum
647 4046 787 4134 tibi,
825 4048 896 4119 in
929 4048 1142 4121 exilio
1168 4048 1626 4121 moriendum.
1654 4045 1906 4131 HabeS,
1937 4039 2163 4125 credo,
2194 4039 2381 4134 quod
2406 4037 2606 4131 petis,

448 4182 549 4255 ut,
589 4193 701 4242 me
735 4173 1041 4257 favente,
1073 4171 1371 4243 reditum
1398 4171 1466 4242 in
1494 4169 1786 4266 patriam
1815 4167 2190 4260 desperare
2233 4162 2351 4234 tibi
2388 4161 2608 4231 liceat.

451 4294 740 4384 Verum,
778 4309 856 4368 ut
890 4296 1306 4370 cumulatius
1342 4318 1492 4371 mos
1534 4306 1819 4389 geratur
1859 4286 2255 4385 aegritudini
2302 4282 2616 4366 tuaesin-
