3104 4805
923 366 1105 415 unua
1147 365 1822 415 PRIHUS.—EPISTOLA
1869 371 1923 417 v.
2411 363 2476 422 51

356 514 659 610 speravi:
698 510 1000 584 sciebam
1034 513 1220 583 enim
1251 513 1441 606 quod
1472 513 1592 606 qui
1624 536 2001 607 paucorum
2045 516 2285 589 similis
2338 518 2490 591 fieri

356 638 607 723 studet,
643 635 881 707 multis
916 633 1035 706 fiet
1066 636 1360 707 invisus.
1398 637 1573 729 Spes
1599 647 1672 709 et
1691 638 2174 731 occupationes
2207 663 2386 714 meae
2420 644 2492 714 in

356 774 419 834 te
449 762 787 833 hactenus
823 759 978 830 sitae
1001 767 1219 831 erant.
1257 759 1334 829 In
1365 780 1505 852 quo
1540 760 1600 831 si
1634 782 1746 830 me
1794 760 2054 832 diutius
2087 785 2318 836 errare
2354 790 2491 838 non

357 908 434 958 es
469 906 723 978 passus
742 940 758 970 ,
794 883 1187 977 perurbane
1218 904 1489 954 mecum
1523 883 1638 974 agi
1670 906 1809 955 non
1843 885 2263 976 negaverim,
2307 889 2495 980 quod

356 1009 832 1082 alienationem
866 1007 1078 1078 animi
1112 1006 1211 1077 tui
1243 1028 1382 1077 non
1416 1006 1913 1078 contumelioso
1963 1006 2244 1100 quidem
2294 1020 2449 1081 actu
2476 1067 2491 1095 ,

358 1154 495 1203 non
527 1130 748 1202 verbo
778 1151 1057 1222 aspero,
1094 1151 1233 1201 non
1268 1128 1466 1220 gravi
1502 1128 1899 1221 supercilio,
1931 1130 2058 1201 sed
2079 1132 2267 1222 fugae
2294 1130 2499 1202 silen-

364 1254 448 1326 tis
481 1253 719 1324 inditio
758 1250 1206 1345 perceperim.
1261 1250 1380 1320 Sin
1428 1251 1732 1345 experiri
1764 1262 1884 1322 aut
1920 1250 2345 1323 inflammare
2377 1252 2501 1324 de-

362 1375 690 1448 siderium
722 1396 956 1465 meum
992 1372 1334 1466 cogitasti,
1373 1373 1538 1444 vide
1576 1395 1666 1444 ne
1714 1375 2058 1446 adversus
2092 1375 2500 1448 imbecillem

361 1498 665 1571 animum
698 1496 905 1567 nimis
941 1498 1328 1567 aculeatum
1361 1495 1505 1566 ludi
1560 1518 1784 1587 genus
1819 1496 2136 1589 elegeris.
2189 1494 2280 1569 At
2327 1499 2501 1569 forte

363 1619 825 1713 indulgentior
857 1641 1070 1691 causa
1101 1627 1238 1689 est:
1273 1617 1668 1711 pepercisti,
1708 1617 2020 1705 arbitror,
2057 1618 2274 1691 labori
2326 1642 2498 1706 mec,

365 1744 630 1815 veritus
663 1764 749 1813 ne
779 1740 1054 1813 fastidio
1088 1738 1313 1833 pelagi
1347 1739 1566 1833 impar
1597 1761 1857 1826 essem,
1913 1751 2005 1827 et,
2058 1744 2382 1834 quoniam
2432 1742 2504 1815 id

367 1865 489 1937 tibi
544 1887 818 1958 quoque
874 1873 1090 1935 restat
1144 1861 1274 1934 iter
1331 1883 1455 1956 per
1513 1862 1933 1935 siticulosam
1983 1861 2330 1956 Apuliam,
2371 1864 2503 1936 sub

365 1986 614 2060 aestivo
655 1989 797 2058 sole
835 1984 1225 2058 deficerem.
1278 1986 1419 2057 Sed
1456 2005 1737 2079 quaeso:
1789 2008 2016 2059 nonne
2063 1986 2198 2058 hoc
2250 1996 2366 2058 tuo
2417 1988 2504 2060 de

367 2130 481 2180 me
511 2107 760 2179 iudicio
793 2107 1168 2179 iniuriosus
1202 2129 1282 2178 es
1320 2109 1524 2179 samae
1557 2111 1778 2179 meae‘?
1813 2106 1942 2178 Ubi
1977 2130 2110 2199 ego
2141 2109 2319 2181 banc
2358 2109 2504 2204 opi-

367 2231 639 2302 nionem
673 2230 943 2302 merui?
991 2232 1147 2323 quis
1198 2251 1312 2301 me
1350 2230 1545 2302 labor
1593 2230 1801 2323 fregit
1848 2240 1967 2302 aut
2016 2232 2300 2302 terruit?
2349 2233 2505 2305 Sola

370 2351 651 2426 videndi
676 2353 968 2427 dulcedo
991 2375 1116 2449 per
1139 2355 1445 2447 ignotam
1470 2375 1582 2426 me
1608 2352 2000 2426 barbariem
2025 2353 2503 2429 circumducit:

370 2500 493 2571 per
519 2478 795 2564 Italiam,
834 2479 1024 2564 cede,
1064 2477 1351 2571 pulchra
1382 2477 1767 2549 necessitas
1801 2500 1940 2550 non
1964 2477 2330 2550 duxisset?
2362 2480 2506 2552 Sub

369 2600 720 2697 Pyrenaeis
754 2600 915 2673 olim
948 2600 1236 2673 collibus
1271 2608 1349 2671 ut
1379 2598 1501 2670 tibi
1528 2621 1763 2672 comes
1798 2622 2063 2686 essem,
2100 2601 2236 2674 nisi
2269 2604 2507 2674 memi-

372 2724 558 2798 nisse
587 2725 828 2819 pudet,
864 2723 1142 2818 quantis
1176 2744 1290 2793 me
1322 2722 1645 2817 precibus
1681 2743 1764 2794 ac
1794 2722 2142 2795 blanditiis
2168 2725 2507 2796 onerasti?

372 2845 798 2941 Quamquam
836 2845 939 2940 (ut
969 2865 1215 2916 verum
1248 2845 1487 2940 fatear)
1529 2845 1874 2939 sequebar
1907 2867 2040 2938 ego
2071 2867 2285 2938 prope
2315 2847 2507 2938 cupi-

371 2970 554 3057 dius,
590 2994 801 3065 quam
835 2968 1276 3042 detrahebar.
1312 2970 1496 3053 Quid
1529 2969 1626 3040 ita
1659 2992 1842 3042 nunc
1870 2968 2004 3039 sub
2026 2967 2369 3063 Apennini
2401 2970 2507 3041 iu-

373 3091 477 3184 gis
509 3114 742 3165 comes
775 3109 938 3164 esse
962 3112 1101 3162 non
1133 3091 1383 3177 merui,
1420 3092 1559 3163 nisi
1589 3095 1763 3165 forte
1794 3092 2108 3164 inertiam
2143 3115 2369 3165 meam
2393 3093 2507 3165 illa

372 3213 823 3308 peregrinatio
853 3212 1215 3309 patefecit?
1248 3215 1350 3286 Tu
1383 3235 1555 3288 vero
1586 3216 1892 3310 quotidie
1925 3216 2285 3290 mirabaris
2319 3218 2508 3291 unde

372 3359 459 3409 ea
489 3337 797 3409 laborum
830 3336 1160 3431 patientia
1192 3338 1262 3407 in
1295 3338 1674 3411 litterarum
1706 3340 1847 3413 otio
1879 3341 2048 3412 mihi
2071 3352 2231 3413 nato
2265 3364 2346 3413 ac
2377 3365 2507 3411 nu-

377 3457 561 3540 trito;
594 3460 976 3551 praesertim
999 3483 1162 3532 cum
1189 3471 1260 3532 et
1290 3462 1452 3533 anni
1485 3472 1758 3556 tempus
1793 3474 1982 3535 esset
2014 3464 2407 3545 adversum,
2437 3470 2509 3531 et

374 3580 812 3675 vepricosum
843 3581 997 3668 iter,
1034 3594 1105 3654 et
1135 3583 1390 3656 inculta
1422 3583 1617 3675 regio
1653 3582 2001 3677 (quodque
2035 3605 2246 3676 super
2276 3581 2508 3654 omnia

375 3725 504 3774 nos
531 3703 874 3801 angebat),
892 3706 1327 3780 conversatio
1361 3707 1537 3779 dura
1568 3715 1640 3778 et
1670 3706 1961 3777 multum
1994 3703 2249 3776 nostris
2301 3704 2508 3775 mori-

369 3819 509 3899 bus
545 3826 785 3900 aliena.
825 3827 966 3901 Sed
1011 3832 1185 3903 forte
1238 3829 1584 3925 (quoniam
1637 3827 1896 3901 sensim
1949 3825 2370 3900 ratiocinatio
2419 3828 2508 3900 ad

375 3973 620 4023 verum
680 3949 890 4046 ducit)
950 3975 1087 4026 non
1146 3973 1605 4047 quaecumque
1670 3951 2039 4047 potuimus,
2108 3974 2504 4047 possumus,

376 4075 531 4147 Dies
565 4085 799 4170 auget,
828 4075 982 4150 dies
1018 4075 1389 4147 imminuit:
1425 4076 1517 4149 ab
1546 4098 1632 4148 ea
1665 4073 2215 4169 peregrinatione
2261 4084 2508 4170 quarta

377 4219 559 4272 nunc
594 4210 805 4274 aestas
844 4200 1114 4291 agitur:
1166 4198 1454 4273 triennio
1512 4198 1745 4274 senior
1799 4201 2020 4273 factus
2081 4222 2267 4283 sum3
2319 4195 2509 4290 quod
