3104 4805
914 397 1097 444 Lim-:R
1142 397 1531 453 Qumrus.—
1561 400 1863 447 Erisrom
1905 403 2075 449 xvni.
2446 388 2565 450 299

417 538 537 631 git.
579 537 829 611 Adhuc
868 536 1052 608 enim
1083 536 1346 628 integer
1378 537 1766 609 Domitiano
1795 539 2080 633 principi
2107 544 2560 624 credideram,

417 664 584 732 nihil
618 662 868 754 qratius
893 659 1145 745 decore,
1176 663 1275 730 nil
1309 661 1599 730 brevius:
1634 661 1743 733 Ad
1778 661 2039 734 maiora
2082 686 2248 735 vero
2289 667 2564 756 genitus

418 807 604 869 sum,
668 808 878 879 quam
946 797 1022 857 ut
1064 785 1193 855 sim
1234 785 1657 880 mancipium
1722 785 2030 879 corporis
2072 787 2229 857 mei.
2275 789 2559 874 Seneca,

414 909 668 1002 inquis,
714 910 847 981 boc
886 907 1085 982 dixit.
1128 908 1300 993 Quis
1342 912 1598 1001 negat?
1625 910 1712 979 Et
1737 929 1871 999 ego
1905 907 2091 993 dic0,
2129 919 2200 980 et
2240 911 2430 980 multi
2460 912 2566 983 di-

412 1042 571 1105 cent
603 1042 762 1126 post
793 1055 927 1117 me,
957 1041 1027 1103 et
1053 1042 1212 1103 ante
1241 1055 1400 1105 eum
1437 1032 1635 1105 multi
1668 1006 2240 1116 sorte'dixerunt3
2275 1043 2348 1104 et
2372 1034 2564 1126 quis-

411 1154 568 1247 quis
629 1155 699 1227 id
744 1155 1026 1241 dixerit,
1075 1156 1281 1227 modo
1322 1178 1411 1227 ne
1455 1156 1856 1240 mentiatur,
1893 1155 2253 1248 egregium
2300 1157 2566 1248 magni-

412 1276 759 1371 ficumque
818 1278 1115 1350 verbum
1180 1278 1461 1351 dixerit.
1524 1281 1676 1372 Ego
1726 1291 1795 1351 et
1838 1278 2007 1350 illud
2046 1278 2224 1365 dixi,
2267 1290 2339 1351 et
2376 1280 2564 1373 quod

411 1403 724 1495 sequitur
763 1402 1019 1482 dicam;
1063 1413 1135 1473 et
1168 1402 1238 1472 in
1306 1403 1604 1495 utroque
1647 1402 1789 1474 scio
1849 1403 2038 1496 quod
2079 1426 2213 1475 non
2250 1403 2563 1474 mentior.

418 1523 684 1595 Utinam
725 1546 856 1596 nec
895 1525 1111 1597 fallar.
1154 1522 1358 1595 Absit
1390 1546 1431 1595 a
1473 1547 1604 1606 me,
1672 1533 1745 1594 ut
1803 1546 2035 1596 amore
2100 1525 2406 1620 corporis
2448 1538 2569 1598 aut

407 1646 618 1717 huius
660 1646 832 1718 lucis
867 1646 1213 1718 desiderio
1254 1647 1439 1720 diem
1481 1647 1721 1718 mortis
1762 1645 2196 1719 horrescam:
2239 1652 2563 1741 quoniam

407 1778 480 1840 et
516 1769 649 1840 hoc
689 1768 782 1840 ab
815 1769 948 1841 alio
987 1770 1359 1842 verissime
1419 1770 1679 1843 dictum
1743 1769 1814 1840 in
1866 1791 2038 1842 usus
2105 1793 2300 1843 meos
2350 1772 2560 1854 verti,

408 1892 596 1984 quod
637 1892 788 1963 haec
830 1901 1086 1976 nostra,
1124 1914 1286 1986 quae
1319 1891 1570 1964 dicitur
1607 1892 1771 1976 vita,
1813 1916 1998 1964 mors
2039 1905 2169 1965 est.
2204 1895 2395 1965 Vale.

1416 2130 1569 2138 ·—-—

1217 2362 1575 2427 EPISTOLA
1618 2362 1756 2427 XIX.

451 2561 837 2609 FRANCISCUS
879 2560 1211 2610 PETRARCA
1257 2560 1577 2609 CLEMENTI
1619 2561 1681 2609 v1
1724 2559 2043 2609 PONTIle
2082 2560 2235 2608 MAx.
2272 2559 2323 2607 S.
2360 2558 2416 2606 Ρ.
2453 2558 2513 2606 Ι).

877 2746 1215 2801 Medicorum
1244 2743 1656 2800 multitudinem
1689 2760 1879 2798 cavere
1907 2742 2076 2798 iubet.

588 2995 831 3068 Febris
876 3006 1015 3066 tuae
1054 2995 1370 3078 nuntiuS,
1434 2993 1847 3064 Beatissime
1887 2992 2122 3075 Pater,
2189 3001 2556 3064 tremorem

394 3119 725 3190 membris
751 3119 926 3190 meis
965 3129 1036 3191 et
1070 3118 1427 3189 horrorem
1467 3116 1715 3187 attulit.
1746 3115 1886 3187 Nec
1930 3114 2182 3187 idcirco
2225 3114 2557 3186 blandilo-

392 3264 636 3335 quem,
665 3251 786 3312 aut
820 3237 1064 3311 simssis
1090 3240 1284 3311 dicar
1323 3238 1448 3321 illi,
1478 3238 1570 3309 de
1596 3260 1737 3330 quo
1781 3238 2126 3333 satyricus
2158 3237 2289 3308 ait.-
2327 3237 2456 3327 slet‚
2499 3238 2559 3305 si

398 3365 705 3435 lacrimas
731 3364 1078 3454 conspeoeit
1102 3362 1305 3431 amici
1315 3385 1336 3441 ;
1351 3359 1718 3430 etiterum:
1746 3362 1805 3428 si
1827 3359 2077 3429 dimerit
2102 3370 2320 3441 oescuO,
2348 3357 2557 3438 sudat,

396 3486 519 3556 sed
561 3483 656 3555 illi
690 3483 920 3578 potius
961 3482 1106 3575 qui,
1155 3493 1229 3553 ut
1269 3480 1367 3550 ait
1416 3479 1688 3562 cicere,
1742 3481 1833 3551 de
1888 3483 2109 3551 salute
2144 3480 2373 3574 populi
2424 3482 2561 3551 Ro-

397 3607 583 3679 mani
624 3603 1155 3686 extimescebat,
1200 3604 1270 3672 in
1312 3623 1452 3693 qua
1485 3600 1694 3671 etiam
1742 3624 1939 3672 suam
1987 3602 2323 3674 inclusam
2362 3604 2559 3675 vide-

394 3730 533 3800 bat.
571 3730 724 3800 Mea
763 3726 1048 3820 quidem
1090 3748 1172 3798 ac
1214 3725 1592 3795 multorum
1637 3726 1828 3795 salus
1874 3723 1942 3792 in
1981 3734 2098 3797 tua
2141 3727 2364 3798 salute
2401 3729 2557 3799 fun-

374 3851 556 3923 data
596 3862 726 3922 est.
769 3850 921 3920 Non
962 3850 1171 3943 igitur
1208 3847 1575 3919 simulatus
1613 3857 1727 3918 est
1768 3858 2053 3932 tremor,
2103 3870 2330 3941 neque
2368 3850 2550 3921 enim

393 3972 617 4045 alieno
657 3972 960 4069 periculo
993 3993 1444 4068 permoveor,
1491 3972 1615 4044 sed
1651 3972 1954 4066 proprio,
1997 3973 2254 4044 Omnes
2305 3972 2425 4066 qui
2463 3973 2551 4045 de

392 4107 461 4169 te
499 4097 913 4190 pendemuS,
983 4105 1055 4169 et
1106 4096 1175 4166 in
1226 4104 1294 4166 te
1346 4116 1743 4189 speramuS,
1813 4108 1878 4169 te
1919 4106 2326 4189 aegrotante,
2399 4099 2550 4168 sani

388 4226 563 4294 forte
611 4222 960 4307 videmur,
1016 4222 1141 4294 sed
1183 4242 1319 4292 non
1365 4242 1632 4292 sumus.
1684 4220 1944 4291 Verum
1987 4220 2151 4313 quia
2187 4230 2329 4292 tum
2369 4242 2552 4291 sem·
