3104 4805
635 360 866 414 cxxxiv
1591 333 2121 409 rnotseousmom.

625 511 783 567 1334.
824 512 925 567 Die
941 511 979 564 4
996 510 1313 566 Decembris
1340 511 1454 565 obit
1472 510 1747 567 Iohannes
1767 511 1923 566 XXII
1942 513 2103 566 Pont.
2127 511 2294 579 Max„
2317 512 2451 567 etin
2476 515 2597 569 eius
2641 522 2649 564 ι
2697 531 2848 570 rinus..

906 595 1091 649 locum
1119 593 1446 649 Benedictus
1465 593 1570 648 XII
1590 593 1679 649 die
1696 593 1769 650 20
1792 594 1998 649 mensis
2026 592 2275 649 eiusdem
2302 595 2594 653 sufficitur.

626 767 787 822 1335.
817 767 1050 823 Moritur
1076 767 1356 822 Avenione
1384 766 1662 822 oldradus
1687 766 2006 823 Leodiensis
2034 766 2484 825 Iurisconsultus.
2647 811 2652 820 .
2689 781 2781 820 not·
2797 781 2853 828 ιτ,
2869 782 2927 819 iv.

832 1024 1018 1078 Mense
1047 1023 1227 1092 Iunio,
1257 1022 1537 1094 Scaligeri,
1569 1022 1780 1077 Rossiis
1799 1023 1999 1078 Parma
2017 1024 2212 1095 pulsiS,
2233 1025 2353 1080 eius
2372 1026 2605 1082 civitatis

909 1106 1168 1177 regimini
1196 1106 1505 1161 Guidonem
1533 1105 1603 1160 de
1632 1104 1877 1176 Corrigia
1905 1106 2232 1177 praeficiunt.

831 1192 944 1246 Azo
954 1191 1022 1245 de
1034 1190 1299 1262 Cori-igis,
1316 1191 1513 1245 comite
1523 1189 1817 1246 Guillehno
1827 1191 1906 1245 De
1920 1193 2244 1263 PastrengO,
2263 1195 2603 1251 Avenionem
2688 1215 3092 1266 uous‚1v,s,es,1x.

909 1292 969 1330 se
979 1274 1211 1343 confert,
1222 1274 1436 1330 iuribus
1450 1273 1872 1344 Scaligerorum,
1894 1275 2158 1331 adversus
2173 1277 2418 1347 RossiOS,
2435 1295 2602 1350 super

910 1357 1154 1413 dominio
1192 1356 1435 1414 Civitatis
1471 1358 1786 1413 Parmensis
1805 1399 1820 1428 ,
1877 1375 2064 1413 coram
2127 1360 2389 1415 Pontifice
2451 1361 2594 1415 Max.

913 1442 1151 1497 tuendis,

2691 1047 2781 1084 Not·
2794 1048 2830 1095 o,
2850 1050 2912 1088 iv,

626 1607 785 1663 1336.
826 1606 925 1663 Die
952 1607 1025 1662 29
1051 1606 1310 1678 Ianuarii,
1350 1608 1680 1665 Benedictus
1714 1609 1820 1664 ΧΠ
1856 1611 1919 1665 P.
1950 1610 2023 1666 Μ.
2065 1610 2487 1666 controversiam
2524 1611 2592 1666 de
2680 1631 2908 1673 Not-imi.

909 1691 1115 1747 visione
1142 1691 1391 1748 beatifica
1414 1695 1738 1750 auctoritate
1764 1695 2060 1767 apostolica
2086 1695 2351 1752 dissolvit.

626 2360 785 2417 1337.
826 2359 1139 2499 Steghlaenus
1176 2358 1443 2416 Columna
1478 2365 1534 2416 et
1571 2362 1777 2419 Paulus
1813 2361 2159 2419 Annibaldus
2196 2364 2489 2421 Senatores
2530 2362 2588 2419 in
2690 2375 2788 2414 Nota
2806 2374 2896 2423 ωε,
2916 2377 2976 2415 nv.

962 2462 990 2497 Γ
1064 2486 1076 2499 .

621 3716 781 3772 1338.
821 3716 1037 3773 Bellum
1074 3717 1266 3772 ineunt
1294 3716 1583 3790 Philippus
1611 3716 1728 3772 Rex
1766 3716 2072 3772 Galliarum
2099 3722 2156 3771 et
2182 3715 2474 3773 Eduardus
2503 3716 2584 3772 III
2673 3733 2914 3784 mmmm.

902 3802 1115 3873 Angliae
1142 3801 1279 3856 Rex.

823 3883 1121 3941 Umbertus
1147 3885 1453 3958 Delphinus
1477 3886 1803 3941 Viennensis
1830 3886 2110 3942 Avenione
2140 3894 2405 3942 moratur.
2678 3898 2769 3934 md·

826 3966 938 4021 Azo
966 3968 1033 4024 de
1058 3969 1304 4040 Corrigia
1340 3976 1393 4025 et
1430 3970 1757 4025 Guillelmus
1803 3970 1871 4024 de
1915 3972 2216 4041 pastrengo
2260 3971 2580 4026 Pontificem
2668 3984 2913 4032 uocatam.

906 4050 1205 4108 Maximum
1225 4054 1498 4125 supplices
1536 4054 1770 4122 adeunt,
1797 4060 1861 4109 ut
1887 4055 2183 4111 Mastinum
2212 4054 2577 4124 Scaligerum‚

903 4150 1061 4190 reum
1088 4137 1157 4193 de
1186 4138 1334 4194 caede
1375 4139 1763 4194 Bartholomaei
1792 4138 2048 4212 Episcopi
2076 4137 2430 4206 Veronensis,
2477 4152 2578 4209 pro

905 4232 1122 4274 summa
1148 4225 1414 4292 potestate
1441 4221 1703 4277 absolvat.
