3104 4805
534 313 649 373 442
919 323 923 328 ’
1205 322 1285 370 οε
1330 322 1531 370 nunus
1573 321 2014 371 inminuamus

533 468 730 538 malis
813 464 1351 536 exercitatiores,
1423 465 2009 557 purgatioresque
2095 486 2496 553 servamur,
2588 475 2701 541 vel

532 588 813 661 omnino
862 585 1124 678 aliquid
1180 595 1290 655 est
1331 584 1520 676 quod
1565 607 1691 655 nec
1730 585 2039 676 cogitare
2083 588 2492 659 sufficimus,
2549 592 2702 661 Cae-

537 721 759 780 terum
811 728 1269 799 quaecumque
1337 706 1476 776 sint
1524 728 1788 790 causae,
1834 709 2343 800 quantumlibet
2409 712 2695 797 abdilae,

533 832 820 903 effectus
862 828 1283 924 apertissimi
1322 840 1504 898 sunt.
1551 829 1691 899 Sed
1734 838 1807 900 ut
1848 852 1886 899 a
1932 829 2230 922 publicis
2265 833 2353 904 ad
2394 834 2702 926 privatas

538 952 856 1025 lacrimas
901 959 1366 1032 revertamur,
1430 949 1592 1019 anni
1651 951 1972 1042 equidem
2037 953 2321 1024 secundi
2364 955 2489 1024 vix
2529 957 2700 1027 dum

536 1074 759 1167 prima
791 1095 954 1167 pars
989 1083 1144 1143 acta
1178 1078 1315 1153 est,
1356 1093 1450 1141 ex
1484 1092 1626 1163 quo
1663 1073 1925 1144 ltaliam
1964 1085 2315 1166 repetenS,
2355 1084 2421 1145 te
2463 1080 2700 1165 procul

538 1198 628 1267 ad
683 1200 936 1267 fontem
991 1193 1257 1283 Sorgiae
1309 1193 1780 1264 lacrimantem
1833 1196 2203 1266 lacrimans
2244 1197 2490 1268 dimisi.
2541 1197 2699 1265 Non

543 1316 747 1389 iubeo
795 1318 867 1386 in
917 1317 1199 1405 longum
1254 1317 1491 1386 oculos
1547 1315 1941 1386 reflectere:
1995 1317 2124 1388 hos
2174 1320 2504 1411 pauculos
2543 1316 2697 1388 dies

542 1459 856 1520 numera,
901 1446 971 1506 et
1012 1436 1240 1527 cogita
1281 1436 1451 1528 quid
1502 1457 1811 1520 eramus,
1866 1447 1936 1506 et
2002 1440 2171 1531 quid
2237 1461 2505 1511 sumus.
2573 1439 2702 1510 Ubi

542 1562 784 1633 dulces
827 1581 1011 1629 nunc
1049 1558 1250 1630 amici
1278 1563 1310 1627 ἲ)
1352 1557 1480 1628 Ubi
1526 1569 1688 1629 sunt
1721 1560 1933 1629 amati
1978 1562 2263 1631 vultus?
2306 1561 2433 1632 Ubi
2485 1562 2701 1634 verba

545 1683 938 1766 mulcentia,
995 1680 1113 1752 ubi
1180 1681 1369 1752 mitis
1434 1690 1505 1751 et
1567 1680 1866 1753 iucunda
1930 1685 2435 1755 conversatio?
2504 1685 2707 1769 Quod

544 1806 802 1876 fulmen
854 1804 987 1874 ista
1037 1804 1531 1897 consumpsit?
1595 1804 1767 1887 Quis
1836 1814 2043 1875 terrae
2108 1818 2335 1877 motus
2399 1809 2709 1879 evertit?

453 1952 465 1960 ·
547 1925 720 2008 Quae
750 1934 1125 2018 tempestas
1154 1925 1548 1996 demersit?
1585 1925 1759 2008 Quae
1796 1927 2104 2022 abyssus
2138 1928 2542 2000 absorbuit?
2575 1929 2710 1999 Sti-

551 2048 685 2139 pati
752 2070 1057 2131 eramuS,
1131 2069 1344 2140 prope
1395 2046 1531 2116 iam
1587 2049 1714 2119 soli
1775 2071 2042 2120 sumus.
2105 2052 2326 2121 Novae
2389 2051 2712 2122 amicitiae

547 2168 1043 2241 contrahendae
1086 2178 1269 2238 sunt.
1309 2168 1505 2238 Unde
1540 2181 1806 2255 autem,
1849 2171 2001 2242 sive
2037 2173 2128 2243 ad
2162 2173 2359 2265 quid,
2398 2174 2711 2244 humano

551 2313 805 2382 genere
847 2311 1043 2382 paene
1083 2288 1423 2371 extinct0,
1468 2301 1539 2359 et
1582 2293 1900 2384 proximo
1946 2293 2046 2388 (ut
2082 2296 2422 2390 auguror)
2478 2319 2710 2368 rerum

552 2414 743 2482 fine?
792 2414 1047 2480 Sumus
1106 2410 1325 2505 (quid
1367 2412 1884 2511 dissimulem?)
1941 2441 2106 2489 vere
2153 2418 2301 2489 soli.
2347 2420 2594 2503 Credo,
2642 2420 2712 2491 id

550 2547 795 2626 agente
836 2536 1009 2616 Deo,
1058 2542 1134 2604 ut
1184 2533 1353 2605 vitae
1404 2536 1616 2608 huius
1668 2539 2012 2610 illecebris
2063 2541 2715 2633 impedimentisque

554 2655 892 2727 suavibus
937 2655 1235 2747 spoliati,
1296 2657 1583 2729 liberius
1625 2659 1759 2727 iam
1803 2660 1893 2729 ad
1933 2664 2217 2730 alteram
2256 2662 2712 2752 suspiremus,

554 2780 660 2848 En
700 2800 840 2869 quo
884 2777 1111 2848 subita
1158 2802 1386 2850 rerum
1432 2780 1810 2850 mutatione
1851 2780 2323 2870 pervenimus,
2370 2792 2448 2850 ut
2497 2805 2719 2876 expe-

554 2899 671 2971 riri
714 2899 915 2969 liceat
956 2899 1026 2969 in
1070 2901 1269 2971 nobis
1313 2923 1400 2970 an
1441 2901 1846 2989 praeclaram
1898 2897 2080 2966 illam
2134 2898 2411 2989 Epicuri
2467 2923 2710 2971 vocem

555 3021 705 3092 iure
756 3021 1110 3115 possimus
1151 3022 1421 3092 dicere:
1482 3015 1665 3085 Satis
1704 3038 2017 3105 maynum
2066 3018 2234 3086 alter
2282 3019 2481 3087 alteri
2527 3020 2710 3086 thea-

558 3153 731 3212 trum
772 3165 1041 3213 sumus:
1075 3138 1272 3232 quoda
1296 3147 1370 3207 ut
1405 3157 1572 3207 vere
1606 3136 1741 3208 dici
1773 3138 1995 3229 possit
2028 3161 2070 3209 a
2103 3139 2333 3225 nobiS‚
2373 3140 2714 3232 quamdiu

559 3272 788 3335 tamen
839 3264 972 3334 dici
1025 3258 1329 3353 poterit?
1379 3256 1520 3328 Aut
1570 3259 1729 3352 quis
1789 3282 2016 3353 augur
2075 3272 2335 3335 statuat
2374 3285 2714 3355 quorsum

556 3385 758 3458 nobis
792 3384 1031 3455 datum
1069 3381 1182 3465 sit,
1217 3381 1308 3453 de
1342 3382 1555 3452 huius
1596 3382 1817 3454 mutui
1863 3385 2113 3456 theatri
2151 3385 2518 3458 stabilitate
2551 3409 2716 3458 con-

560 3507 800 3592 fidere,
843 3506 1039 3575 alteri
1083 3525 1266 3574 secus
1310 3504 1449 3600 (sic)
1496 3506 1902 3578 nutantibus
1937 3508 2074 3578 iam
2111 3508 2494 3580 columnis?
2533 3510 2718 3593 Quid

558 3629 739 3699 enim
793 3651 926 3721 ego
977 3627 1065 3699 de
1118 3638 1237 3700 tua
1285 3627 1430 3700 vita
1478 3627 1732 3699 certior
1785 3628 1938 3701 haec
1990 3630 2325 3713 scribens,
2379 3654 2590 3723 quam
2646 3641 2718 3701 tu

561 3748 716 3820 haec
757 3753 1150 3842 perlegens,
1195 3748 1283 3821 de
1323 3755 1536 3821 mea‘?
1578 3750 1794 3820 Nimis
1845 3750 2186 3822 caducum
2224 3751 2424 3821 simul
2478 3762 2550 3821 et
2601 3772 2719 3820 su-

563 3870 852 3959 perbum
894 3872 1150 3942 anImal
1184 3881 1294 3941 est
1324 3871 1571 3953 homo;
1607 3870 1814 3942 nimis
1848 3875 1983 3944 alte
2017 3873 2375 3965 fragilibus
2413 3895 2720 3967 superae-

564 3989 809 4061 dificat·
838 3992 1328 4065 fundamentis.
1374 3993 1428 4061 E
1483 4002 1673 4065 tanta
1726 3995 2065 4066 sodalium
2112 3996 2340 4082 turba,
2385 3994 2473 4065 ad
2510 4016 2718 4087 quem

569 4111 825 4181 redacti
866 4137 1227 4188 numerum
1259 4139 1534 4200 sumuS,
1568 4116 1789 4189 vides.
1819 4119 1906 4187 Et
1931 4140 2121 4201 ecce,
2153 4118 2318 4188 dum
2348 4118 2714 4209 loquimur,
