3104 4805
940 365 1127 414 unm
1167 365 1945 421 SECUNDUS.—EPISTOLA
1990 374 2112 423 vm.
2494 363 2605 424 119

442 532 739 605 quorum
782 512 1009 618 potius
1052 513 1332 587 monitis
1381 514 1913 609 obsequendum
1963 528 2092 590 est.
2146 519 2287 591 Nec
2338 528 2406 591 te
2455 541 2606 591 mo-

443 645 607 706 veat
643 635 791 707 vita
836 658 1020 722 mea,
1064 636 1391 729 quotiens
1430 640 1764 730 epistolas
1831 662 2024 712 meas
2090 641 2292 734 legis,
2337 664 2469 714 nec
2533 641 2603 711 in

441 759 732 829 frontem
785 760 1189 851 respexeris
1240 761 1377 832 ista
1427 761 1807 834 suadentis.
1859 763 2113 836 Vidisti
2161 765 2345 836 enim
2395 765 2608 837 inter-

442 877 608 951 dum
648 882 1014 971 pallentem
1056 883 1428 968 medicum,
1473 884 1594 977 qui
1646 906 1847 955 suam
1900 907 2041 957 non
2092 895 2382 979 poterat,
2434 888 2606 958 alte-

445 999 590 1074 rius
630 1003 1121 1094 aegritudinem
1161 1027 1434 1078 curare.
1475 1007 1669 1078 Vale.

1281 1489 1637 1555 EPISTULA
1680 1492 1771 1555 IX.

649 1714 1034 1764 FRANCISCUS
1075 1714 1413 1764 PETRARCA
1454 1713 1687 1764 IACOBO
1728 1714 2044 1766 COLUMNA:
2087 1715 2393 1768 Episcopo

1161 1818 1588 1868 LOMBERIENSI
1630 1818 1681 1866 S.
1724 1819 1778 1868 P.
1821 1820 1880 1869 D.

442 2015 830 2071 Accusationes
848 2015 1092 2070 diversas
1110 2030 1144 2070 a
1162 2031 1222 2070 se
1240 2020 1477 2084 amovet,
1499 2030 1734 2086 eamque
1752 2015 2082 2086 praesertim,
2103 2016 2255 2087 quod
2271 2017 2399 2073 ficto
2417 1993 2608 2074 amore
2716 2031 2721 2048 ¹

831 2121 891 2160 se
918 2104 1169 2160 laborare
1197 2104 1440 2161 simulet.
1473 2104 1690 2161 Laudat
1716 2104 1925 2160 Urbem
1954 2105 2212 2161 Romam.

638 2350 1132 2445 Semisopitum
1171 2351 1489 2447 epistolae
1525 2363 1668 2424 tuae
1720 2353 1979 2425 clamor
2017 2352 2304 2439 excitat,
2360 2377 2601 2449 quam,

443 2475 692 2547 iocosis
719 2478 1046 2546 refertam
1086 2474 1450 2561 conviciiS,
1495 2477 1700 2547 laetus
1744 2474 2121 2568 ridensque
2159 2478 2444 2570 perlegi.
2489 2480 2601 2564 Et,

444 2608 520 2670 ut
559 2597 857 2690 primum
899 2595 1201 2669 venienti
1242 2597 1466 2669 iaculo
1499 2597 1699 2691 prius
1738 2619 2128 2685 occurram,
2175 2599 2370 2685 vide,
2409 2622 2606 2693 quae-

442 2742 550 2807 so,
595 2730 790 2814 pater
841 2721 1121 2815 optime,
1179 2721 1269 2792 de
1331 2720 1569 2792 multis
1633 2741 1797 2814 quae
1860 2731 2102 2791 contra
2144 2744 2254 2792 me
2298 2721 2598 2813 colligiS,

439 2852 775 2936 quantum
809 2841 900 2913 ab
932 2841 1314 2913 intentione
1350 2852 1467 2914 tua
1493 2842 1717 2936 prima
1742 2842 1954 2914 etiam
1981 2841 2351 2913 scribentis
2386 2842 2606 2914 verba

440 2965 862 3037 discordent.
905 2963 1142 3034 Mirari
1198 2964 1480 3037 solitum
1549 2976 1617 3035 te
1685 2964 1819 3049 εἰς,
1890 2964 2080 3055 quod
2145 2962 2486 3035 mundum
2533 2963 2603 3034 in

440 3095 643 3157 aetate
682 3085 914 3157 adhuc
954 3094 1197 3155 tenera
1249 3084 1351 3156 sic
1399 3082 1774 3155 artificiose
1817 3082 2185 3176 decipiam,
2229 3092 2305 3153 ut
2347 3082 2606 3155 scilicet

440 3229 556 3279 ars
591 3207 745 3280 haec
787 3207 878 3278 sit
921 3217 1062 3277 tam
1103 3206 1591 3299 experientiae,
1637 3227 1848 3298 quam
1890 3213 2181 3276 naturae.
2223 3202 2606 3299 Panegyri-

439 3350 599 3399 cum
651 3328 952 3421 plurium
1019 3339 1209 3400 certe
1276 3328 1682 3413 verborum,
1741 3325 1865 3398 sed
1915 3326 2196 3399 minime
2247 3324 2602 3420 amplioris

440 3449 679 3540 gloriae
701 3450 1038 3523 cecinisse
1062 3449 1232 3521 mihi
1266 3459 1566 3542 poteras.
1595 3448 1922 3533 MunduS,
1959 3448 2293 3541 deceptor
2326 3434 2603 3539 generis

439 3571 753 3658 humani,
822 3582 923 3643 tot
985 3571 1203 3642 vitam
1265 3570 1537 3663 laqueis
1602 3570 2000 3663 implicitam
2069 3592 2281 3663 quam
2340 3586 2600 3638 amarae

437 3693 824 3766 dulcedinis
865 3693 1270 3787 aspersione
1309 3693 1776 3777 commendet,
1820 3689 2017 3764 novit
2054 3690 2356 3783 quisque
2398 3710 2601 3781 aper-

441 3814 529 3884 tis
568 3815 798 3885 oculis
826 3815 960 3886 iter
1010 3816 1144 3887 hoc
1184 3815 1361 3907 agit:
1405 3816 1722 3887 cuius-et
1772 3833 1901 3885 nos
1942 3811 2305 3884 fraudibus
2358 3811 2446 3882 de
2497 3809 2603 3879 in-

439 3935 710 4006 dustria
757 3938 1107 4024 favemus,
1165 3938 1648 4029 studioseque,
1696 3947 1771 4008 ut
1812 3934 1944 4029 ipsi
1996 3934 2199 4007 nobis
2239 3932 2453 4025 ignoti
2508 3933 2605 4005 si-

437 4078 625 4143 muS,
694 4059 1042 4131 adversus
1094 4058 1431 4153 Apollinis
1498 4058 1862 4131 consilium
1930 4057 2353 4129 laboramus.
2406 4057 2604 4125 Hunc

441 4179 763 4273 superbia
805 4180 992 4252 inflat
1036 4181 1171 4252 sub
1206 4203 1402 4274 spem
1446 4180 1681 4272 magni
1714 4187 1784 4250 et
1817 4178 2083 4251 excelsi
2125 4175 2367 4259 animi;
2410 4175 2601 4244 illum
