3104 4805
608 462 725 524 326
1293 476 1375 524 DE
1419 475 1622 525 nunus
1665 475 2105 525 nummatis

610 628 947 698 terminus
979 636 1089 697 est
1129 648 1347 710 morS,
1396 626 1497 696 sic
1531 625 1797 697 floridae
1839 624 2231 716 validaeque
2282 623 2592 695 iuventae
2629 634 2767 694 ter·

611 750 839 821 minus
878 758 1011 833 est,
1065 747 1645 841 quandocumque
1680 746 1990 820 incidens
2043 768 2372 817 mansura
2420 746 2767 819 debilitas,

611 874 772 945 Sive
814 873 1026 965 igitur
1079 871 1318 956 totiuS,
1374 872 1526 943 sive
1576 870 1990 942 robustioris
2031 870 2199 941 vitae
2254 869 2413 941 finis
2464 870 2598 941 dici
2652 893 2768 942 se-

609 1004 855 1067 nectus
906 995 1136 1079 debet,
1189 994 1500 1088 qualibet
1548 994 1778 1065 aetatis
1829 1002 2023 1086 parte
2076 1014 2154 1064 se
2202 993 2469 1079 offerat,
2525 993 2765 1065 datum

611 1128 891 1213 tempus
928 1120 1391 1213 implevimuS‚
1435 1128 1505 1190 et
1546 1117 1850 1210 legitima
1902 1129 2012 1188 est
2064 1127 2410 1189 senectus,
2454 1118 2556 1187 De
2596 1138 2765 1211 pau-

612 1252 879 1339 pertate
936 1243 1102 1336 quid
1153 1251 1357 1336 putas
1408 1241 1682 1312 dicam?
1708 1240 1878 1323 Quis
1932 1263 2068 1312 non
2119 1249 2230 1310 est
2277 1261 2570 1332 pauper,
2631 1236 2767 1309 nisi

611 1367 730 1459 qui
773 1366 941 1436 nihil
981 1366 1220 1459 cupit?
1269 1363 1351 1435 Hi
1391 1364 1511 1458 qui
1552 1364 1878 1437 ditissimi
1948 1364 2305 1448 videntur,
2356 1385 2442 1434 eo
2491 1360 2767 1433 caeteris

614 1490 1059 1584 pauperiores
1112 1500 1274 1560 sunt
1322 1509 1462 1581 quo
1512 1488 1825 1581 pluribus
1877 1497 2117 1580 egent3
2153 1508 2311 1558 cum
2353 1484 2770 1557 necessariis

615 1635 842 1704 egere,
879 1634 962 1682 ea
1015 1613 1294 1684 demum
1342 1611 1430 1683 sit
1488 1620 1887 1704 paupertas,
1923 1609 2013 1680 At
2076 1608 2190 1679 isti
2243 1610 2478 1702 procul
2520 1630 2560 1679 a
2600 1629 2772 1678 vero

613 1737 807 1807 falsis
833 1735 1270 1829 opinionibus
1297 1734 1448 1820 acti,
1469 1734 1601 1805 sibi
1628 1732 2029 1805 necessaria
2054 1735 2558 1824 fecerunt,quae
2585 1731 2773 1826 apud

616 1860 847 1930 minus
897 1858 1183 1930 insanos
1227 1862 1641 1951 voluptuosa
1699 1857 2006 1950 quidem,
2076 1856 2262 1950 apud
2322 1877 2532 1927 sanos
2599 1877 2773 1926 vero

616 2004 1085 2076 supervacua,
1154 1993 1506 2078 postremo
1566 1993 1798 2054 autem
1858 1981 2047 2076 apud
2113 1982 2358 2054 doctos
2434 1981 2772 2053 damnosa

615 2108 822 2177 etiam
884 2116 1092 2200 atque
1151 2106 1336 2176 omni
1398 2105 1629 2177 studio
1680 2104 2007 2197 fugienda
2060 2114 2244 2175 sunt.
2287 2106 2471 2176 Vere
2536 2104 2770 2197 itaque

618 2239 782 2299 sunt
814 2230 1122 2300 omnium
1158 2229 1603 2323 pauperrimi,
1650 2227 2252 2301 innumerabilium
2288 2228 2520 2319 egeni,
2563 2239 2634 2299 et
2658 2228 2770 2297 vel

619 2352 1054 2424 assecutione
1097 2373 1329 2422 rerum
1365 2360 1759 2445 optatarum
1802 2351 2266 2424 accendentes
2301 2350 2769 2442 indigentiam,

620 2474 733 2542 vel
767 2475 1244 2566 expectatIone
1287 2482 1711 2567 torquentes.
1754 2474 1895 2545 Nec
1931 2496 2084 2544 sum
2137 2473 2430 2558 nesciuS,
2476 2474 2644 2566 quid
2685 2471 2775 2544 ad

617 2594 749 2665 ista
790 2596 1283 2688 respondeant:
1327 2597 1673 2667 contemni
1719 2605 2193 2692 paupertatem
2236 2595 2605 2688 aliquando
2645 2595 2776 2668 dis-

620 2716 868 2789 ficilius
908 2740 1013 2803 re,
1057 2742 1264 2812 quam
1310 2719 1545 2792 verbo.
1590 2721 1737 2791 Non
1778 2719 2122 2791 obluctor:
2165 2720 2341 2792 dura
2375 2742 2489 2790 res
2513 2730 2646 2803 est,
2678 2721 2773 2790 fa-

620 2852 787 2913 teor.
824 2842 980 2924 Sed,
1024 2841 1129 2912 Dii
1173 2842 1370 2915 boni!
1436 2864 1646 2936 quam
1716 2851 1885 2927 tuta,
1955 2867 2162 2936 quam
2218 2866 2495 2929 secura,
2564 2866 2774 2937 quam

515 3061 518 3064 Ι
619 2965 973 3058 expedita,
1019 2990 1230 3060 quam
1271 2966 1512 3051 libera,
1569 2989 1775 3059 quam
1825 2967 2149 3060 denique,
2207 2968 2267 3039 si
2318 2990 2555 3040 amare
2590 2969 2773 3039 illam

621 3087 688 3160 in
739 3091 1047 3161 animum
1099 3090 1541 3175 duxerimuS,
1597 3089 1929 3163 iucunda!
1972 3092 2105 3164 Sed
2145 3091 2550 3165 desinamus
2600 3113 2772 3187 pau-

620 3221 958 3307 pertatem
1008 3213 1293 3283 laudare
1341 3222 1412 3282 et
1464 3235 1698 3286 amare
1737 3214 2040 3286 divitias.
2095 3217 2184 3287 Et
2235 3236 2477 3287 revera
2517 3223 2774 3307 quotus
2832 3245 2841 3252 ’

622 3335 975 3406 hominum
1011 3333 1384 3419 invenitur,
1428 3335 1547 3427 qui
1584 3359 1743 3407 cum
1779 3347 2254 3431 paupertatem
2297 3337 2502 3409 valde
2537 3337 2775 3408 lauda-

620 3456 818 3540 verit,
857 3456 1204 3528 laudatam
1247 3467 1391 3530 tota
1432 3458 1808 3531 intentione
1834 3482 1968 3531 non
2012 3461 2271 3552 fugiat?
2295 3460 2491 3531 Victa
2524 3458 2679 3543 erit,
2707 3469 2777 3531 et

620 3579 687 3649 in
749 3590 1086 3651 aeternum
1130 3580 1220 3651 ab
1263 3581 1513 3652 animis
1556 3580 1912 3655 hominum
1976 3585 2311 3675 relegata,
2363 3584 2476 3655 vel
2541 3582 2773 3676 potius

619 3703 927 3777 extincta
974 3704 1334 3798 cupiditas,
1381 3706 1440 3778 si
1480 3716 1650 3799 quot
1689 3706 2084 3778 laudatores
2118 3705 2330 3777 habet
2378 3716 2773 3800 paupertaS,

623 3824 908 3899 totidem
951 3827 1204 3900 babeat
1253 3839 1618 3902 amatores.
1672 3828 1970 3900 Habebit
2001 3839 2233 3901 autem
2285 3831 2501 3901 multo
2540 3831 2779 3923 plures

623 3949 683 4020 si
724 3951 1154 4024 innotescere
1204 3953 1490 4047 coeperit
1539 3952 1709 4046 quid
1759 3952 1923 4024 boni
1974 3952 2251 4038 habeat,
2306 3952 2477 4046 quid
2527 3952 2779 4046 quietis

623 4094 704 4141 ac
741 4074 1081 4147 felicitatis
1124 4077 1439 4148 adduc-at.
1485 4077 1833 4148 Hactenus
1863 4085 2121 4160 tamen,
2151 4088 2229 4149 ut
2267 4086 2474 4147 aetate
2516 4074 2778 4146 Lucani

623 4202 798 4278 erat,
838 4218 1092 4267 munus
1142 4199 1268 4267 Dei
1309 4209 1449 4282 est,
1519 4201 1828 4271 nondum
1870 4199 2277 4272 mortalibus
2336 4199 2774 4280 intellectum,

626 4311 756 4383 nisi
794 4312 1168 4386 admodum
1213 4318 1417 4398 raris3
1447 4318 1515 4388 in
1544 4317 1798 4408 quibus
1843 4329 2005 4390 sunt
2029 4320 2352 4411 exempla
2391 4318 2506 4390 illa
2537 4316 2776 4390 claris-
