3104 4805
589 425 707 485 274
1264 437 1341 482 ne
1387 436 1587 484 nenos
1632 437 2075 486 FAmuAmnus

589 606 663 655 re
708 583 1033 665 sentiam,
1076 580 1249 675 quid
1289 580 1471 652 docti
1513 581 1832 653 homines
1874 588 2236 666 censeant,
2282 582 2569 675 quaeris,
2606 585 2753 657 Ma-

586 729 771 800 gnus
825 728 1221 780 sermonum
1280 727 1603 800 campuS,
1673 726 1928 797 magna
1990 703 2393 798 disputandi
2463 708 2751 780 materia

586 839 736 912 est;
783 827 1185 922 praesertimf
1227 829 1390 921 quia
1437 828 1742 922 quaestio
1789 827 1947 899 haec
1997 849 2136 899 non
2177 828 2359 900 inter
2410 828 2747 903 litteratos

588 962 854 1025 tantum
907 950 1009 1046 (ut
1046 949 1454 1045 pleraeque),
1495 950 1623 1023 sed
1666 950 1736 1020 in
1772 952 2031 1043 vulgus
2072 951 2450 1038 excutitur,
2495 963 2566 1024 et
2604 952 2750 1025 cui-

587 1099 727 1171 que
765 1098 886 1170 per
928 1097 1004 1147 se
1044 1073 1386 1166 grabatuli
1430 1074 1541 1146 sui
1583 1082 1996 1166 argumenta
2038 1075 2514 1169 suppeditant,
2560 1089 2637 1149 ut
2676 1076 2746 1147 in

589 1209 778 1274 tanto
844 1199 1351 1293 disceptantum
1428 1198 1720 1291 strepitu
1789 1218 2038 1268 verum
2109 1197 2422 1271 invenire
2469 1199 2744 1272 difficile

588 1325 699 1396 sit.
741 1323 982 1414 Neque
1030 1320 1215 1393 enim
1267 1322 1527 1412 vulgus
1568 1319 1800 1404 modo,
1857 1321 1983 1394 sed
2032 1319 2213 1393 docti
2268 1343 2544 1415 quoque
2595 1322 2744 1394 dis-

590 1445 940 1527 sentiunt;
994 1464 1289 1537 quorum
1332 1442 1643 1515 omnium
1700 1444 2081 1518 sententias
2136 1446 2361 1529 nosti3
2403 1445 2540 1518 nisi
2578 1447 2742 1540 quia

587 1568 677 1641 de
727 1567 1070 1638 industria
1114 1589 1223 1637 me
1267 1567 1357 1639 ad
1398 1566 1844 1639 scribendum
1884 1568 2101 1639 elicis.
2145 1567 2373 1641 Habes
2416 1567 2740 1641 Macrobii

585 1700 1048 1762 commentum
1075 1690 1146 1760 in
1163 1687 1557 1784 reipublicae
1578 1679 1830 1761 librum
1861 1697 2169 1774 sextum,
2195 1689 2311 1762 ubi
2338 1692 2428 1763 de
2458 1691 2742 1764 somniis

585 1815 771 1885 clara
819 1824 891 1884 et
939 1813 1138 1884 brevi
1188 1811 1629 1886 distinctione
1679 1811 2034 1884 disseruit.
2088 1813 2322 1885 Habes
2373 1813 2463 1885 de
2514 1815 2625 1885 his
2676 1826 2744 1886 et

586 1937 833 2008 horum
855 1936 1258 2009 adiacentiis
1285 1934 1798 2008 Aristotelicum
1827 1938 2188 2019 volumem
2217 1935 2440 2008 habes
2466 1937 2741 2008 demum

588 2058 1045 2133 ciceronianae
1081 2060 1534 2129 Divinationis
1573 2058 1830 2143 libros;
1867 2058 1962 2131 ibi
1994 2060 2166 2154 quid
2197 2059 2368 2144 aliis,
2407 2059 2577 2154 quid
2610 2057 2744 2131 sibi

588 2182 907 2255 videatur
954 2182 1293 2255 invenies.
1345 2183 1528 2268 Quid
1570 2205 1682 2255 me
1722 2183 1920 2257 iubes
1965 2184 2297 2281 replicare
2337 2184 2744 2256 notissima?

589 2305 794 2388 Sane,
822 2313 981 2397 post
1013 2313 1328 2374 veterum
1361 2306 1866 2391 auctoritatem,
1912 2307 2302 2399 opinionem
2344 2329 2573 2379 meam
2624 2330 2745 2378 au-

588 2426 737 2497 dire
776 2427 953 2497 velle
995 2426 1348 2497 curiosum
1388 2436 1526 2511 est3
1571 2430 1827 2523 quippe
1862 2429 2138 2502 curiosa
2169 2439 2280 2502 est
2313 2431 2536 2503 omnis
2573 2430 2743 2502 ami-

586 2545 768 2617 citia.
813 2546 1092 2639 Siquid
1144 2570 1314 2619 vero
1365 2550 1698 2619 momenti
1751 2551 2129 2643 repositum
2173 2552 2360 2644 apud
2413 2562 2479 2623 te
2519 2552 2587 2624 in
2640 2554 2743 2624 iu-

587 2667 767 2739 dicio
809 2690 964 2740 meo
1004 2678 1143 2754 est,
1187 2678 1258 2739 et
1297 2668 1464 2762 quid
1505 2669 1672 2739 mihi
1715 2668 1922 2739 etiam
1965 2674 2232 2766 placeat
2272 2675 2360 2746 ad
2402 2697 2550 2745 rem
2591 2698 2746 2768 per-

591 2790 811 2863 tinere
852 2790 1233 2876 arbitraris,
1279 2775 1437 2863 cum
1502 2790 1575 2859 in
1641 2789 1879 2860 multis
1940 2800 2082 2861 tum
2152 2794 2222 2862 in
2263 2794 2395 2864 hoc
2436 2795 2744 2868 Ciceroni
2847 2790 2852 2799 ’

590 2936 745 2984 meo
788 2912 1155 2998 assentior,
1200 2910 1482 2983 minime
1531 2910 1816 3004 quidem
1859 2910 2327 3005 pertinaciter,
2374 2914 2502 2983 sed
2541 2935 2742 3007 para-

591 3046 703 3108 tus
744 3058 903 3108 cum
945 3036 1189 3107 eodem
1231 3043 1505 3107 mutare
1543 3032 1985 3119 sententiam,
2032 3034 2092 3104 si
2132 3033 2301 3127 quid
2341 3033 2600 3105 certius
2642 3037 2741 3104 as-

590 3157 877 3246 sulserit,
908 3157 1290 3230 affirmandi
1319 3155 1718 3252 superbiam
1747 3157 2336 3250 temeritatemque
2363 3156 2739 3231 declinans.

593 3282 670 3354 Id
711 3281 858 3377 ipse
888 3280 1057 3352 mihi
1092 3282 1181 3353 de
1207 3279 1603 3352 Academiae
1642 3301 1791 3351 suae
1825 3279 2131 3352 fontibus
2165 3280 2530 3352 consilium
2563 3302 2744 3373 prae-

594 3405 728 3478 bet.
772 3409 933 3477 Haec
974 3426 1247 3476 summa
1313 3414 1444 3475 est.
1511 3404 1584 3473 Si
1649 3403 1819 3497 quid
1884 3404 1975 3475 de
2038 3404 2171 3476 hac
2236 3426 2316 3476 re
2375 3402 2744 3485 verbosius

594 3537 916 3621 agentem
957 3526 1203 3599 audire
1244 3524 1582 3611 volueris,
1626 3535 1737 3596 est
1777 3524 1848 3595 in
1888 3525 2214 3597 manibus
2263 3525 2437 3597 liber
2484 3548 2745 3597 memo-

594 3651 967 3724 randarum
1009 3671 1268 3734 rerum,
1312 3647 1432 3741 qui
1475 3647 1533 3719 si
1590 3668 1897 3741 unquam
1953 3648 2024 3718 in
2063 3647 2419 3742 publicum
2459 3647 2738 3731 exierit,

591 3776 816 3867 prima
855 3773 1086 3867 operis
1126 3792 1288 3866 pars
1323 3772 1412 3844 de
1453 3771 1566 3843 his
1606 3771 1814 3844 latius
1856 3782 2088 3845 tecum
2115 3782 2295 3863 aget.
2333 3770 2598 3842 Alienis
2621 3791 2744 3839 au-

592 3904 733 3967 tem
769 3896 1137 3990 exempIiS,
1179 3916 1341 3988 quae
1364 3894 1457 3965 ibi
1484 3896 1703 3967 multa
1741 3897 2016 3989 collegi,
2062 3896 2203 3968 duo
2243 3895 2387 3978 hic,
2417 3893 2586 3965 mihi
2612 3892 2744 3985 ipsi

597 4014 948 4108 (quoniam
988 4017 1059 4089 id
1098 4017 1435 4112 postulas)
1480 4040 1604 4112 per
1636 4017 1943 4110 quietem
1979 4018 2161 4102 visa,
2201 4017 2584 4089 subiiciam.
2626 4011 2746 4082 Al-

595 4145 820 4206 terum
859 4140 1024 4226 laeti,
1067 4142 1363 4211 alterum
1431 4140 1692 4224 moesti,
1766 4140 1894 4213 sed
1958 4151 2334 4234 utrumque
2375 4132 2742 4211 certissimi

592 4266 911 4329 eventus.
956 4259 1330 4351 Utriusque
1371 4269 1587 4333 testes
1631 4261 1903 4346 vivunt,
1945 4261 2064 4355 qui
2107 4284 2198 4333 ex
2243 4282 2354 4331 me
2389 4260 2540 4330 haec
2567 4258 2743 4328 inter
