3104 4805
548 313 672 375 224
1220 330 1303 378 na
1342 330 1543 379 nanus
1588 329 2031 380 summamus

544 473 871 543 intentus.
914 470 1162 542 Fluant
1210 471 1484 542 interim
1533 494 1972 566 quacumque
2012 472 2206 557 libet,
2250 473 2418 545 dum
2463 476 2703 547 memi-

543 593 768 665 nerint
803 590 1052 663 iisdem
1092 614 1258 664 mox
1309 593 1698 666 tramitibus
1749 595 2055 667 obtrusis
2105 616 2244 666 non
2294 596 2502 668 licere
2552 621 2703 669 am-

541 717 724 809 plius
766 717 911 801 niti,
965 725 1036 788 et
1088 715 1232 811 (qui
1273 718 1743 790 luctuosarum
1788 719 2114 790 mentium
2159 740 2309 790 mos
2350 719 2483 814 est)
2528 722 2698 792 alias

542 850 750 933 atque
799 840 970 912 alias
1020 840 1240 911 dolori
1290 840 1579 912 rimulas
1630 842 2061 934 conquirere.
2114 843 2436 934 Magnam
2489 844 2703 936 igitur

542 965 611 1035 in
649 964 890 1057 primis
933 961 1301 1058 quamdam
1344 973 1416 1034 et
1450 963 1795 1055 insignem
1830 964 2166 1036 iacturam
2200 965 2538 1037 accidisse
2576 965 2699 1037 tibi

543 1086 773 1172 vide0,
820 1087 973 1157 talis
1014 1096 1086 1158 et
1126 1097 1265 1157 tam
1307 1085 1538 1159 dilecti
1588 1089 1820 1159 fratris
1874 1087 2173 1160 interitu.
2226 1090 2487 1160 Verum
2540 1098 2702 1162 tunc

541 1230 676 1303 ego
702 1208 1041 1281 infinitam
1075 1218 1147 1280 et
1179 1208 1731 1281 inaestimabilem
1767 1211 2164 1297 iudicarem,
2193 1213 2475 1305 quando
2511 1234 2700 1283 mors

541 1334 728 1403 illum
768 1332 1212 1417 extinxisset,
1265 1342 1338 1403 et
1387 1355 1524 1405 non
1576 1335 1797 1428 spatio
1838 1334 2087 1406 modici
2132 1338 2460 1431 temporis
2505 1359 2702 1429 sepa-

540 1465 789 1529 rasset.
833 1453 1061 1549 Atqui,
1104 1454 1272 1526 dum
1311 1455 1426 1528 hic
1464 1459 1706 1543 suerat,
1737 1462 2143 1552 quantulam
2173 1460 2339 1530 vitae
2372 1481 2522 1532 suae
2550 1483 2704 1553 par-

543 1580 822 1651 ticulam
878 1577 1012 1649 sub
1061 1580 1276 1650 oculis
1344 1578 1479 1651 tuis
1549 1580 1739 1673 egit?
1790 1582 2142 1678 Computa,
2199 1603 2340 1667 oro,
2396 1592 2704 1678 tempora

546 1701 756 1796 (quod
783 1701 1187 1773 avidissime
1215 1704 1469 1774 faciunt
1503 1703 1867 1799 amantes),
1905 1715 1975 1776 et
1999 1705 2089 1776 ab
2118 1706 2353 1776 'ultima
2382 1715 2701 1799 repetens

544 1824 846 1913 infantia,
877 1847 1101 1919 usque
1135 1826 1224 1898 ad
1260 1826 1438 1898 hanc
1471 1835 1746 1899 aetatem
1775 1826 2064 1899 memori
2094 1827 2323 1898 animo
2350 1850 2698 1920 percurre.

543 1949 687 2020 Iam
728 1949 840 2021 ille
892 1952 1125 2044 procul
1170 1972 1211 2022 a
1251 1951 1472 2046 patria
1523 1953 1822 2042 genitus,
1877 1962 1947 2022 et
1998 1950 2131 2023 sub
2182 1951 2296 2022 illo
2347 1952 2703 2043 gloriosis-

545 2072 721 2146 simo
760 2073 974 2168 patris
1017 2073 1229 2144 exilio
1279 2073 1655 2168 productus
1697 2075 1767 2144 in
1807 2077 2046 2158 lucem,
2100 2075 2363 2167 primos
2417 2075 2699 2166 vagitus

540 2195 760 2267 edidit
797 2194 867 2264 in
909 2204 1095 2266 terra
1134 2197 1541 2289 longinqua:
1581 2207 2051 2289 spectataeque
2091 2196 2340 2268 indolis
2383 2219 2557 2291 puer
2602 2207 2699 2268 te-

543 2319 847 2390 neriores
890 2318 1057 2388 vitae
1098 2339 1314 2388 annos
1357 2320 1471 2389 vel
1514 2320 1663 2389 sine
1708 2329 1800 2405 te,
1855 2321 1967 2391 vel
2010 2319 2068 2390 si
2111 2329 2338 2407 tecum
2389 2319 2565 2413 egit,
2618 2341 2701 2392 ea

545 2452 773 2514 tamen
810 2449 960 2513 erat
998 2439 1358 2512 amborum
1401 2452 1577 2514 aetas
1617 2464 1779 2535 quae
1820 2464 1947 2513 nec
1987 2444 2139 2513 veri
2192 2443 2422 2515 iudicii
2479 2466 2702 2538 capax

543 2575 673 2648 est,
728 2546 813 2633 et'
847 2563 1046 2635 solidi
1110 2565 1364 2635 amoris
1429 2565 1877 2636 fundamenta
1927 2587 2065 2635 non
2121 2566 2378 2661 recipit.
2435 2569 2536 2638 Ita
2587 2568 2699 2639 vel

544 2707 819 2778 semper
841 2696 1129 2757 eatenus
1155 2684 1413 2756 absens
1436 2686 1591 2770 fuit,
1631 2687 1742 2757 vel
1775 2686 2047 2756 absenti
2086 2688 2496 2759 simillimus.
2534 2690 2700 2759 Mox

544 2807 659 2878 ubi
686 2808 1175 2881 adolescentiae
1211 2807 1387 2878 fines
1420 2806 1664 2898 attigit,
1705 2805 2087 2878 incredibili
2122 2808 2424 2899 quodam
2461 2830 2697 2881 amore

541 2930 948 3015 litterarum,
993 2953 1288 3024 quarum
1338 2929 1549 3009 haud„
1577 2938 1837 2999 temere
1884 2928 2258 3021 quisquam
2309 2930 2435 3000 fuit
2485 2951 2697 3022 appe—

542 3052 821 3139 tentior,
867 3077 1049 3126 nunc
1089 3077 1209 3148 per
1248 3054 1532 3138 Italiam,
1583 3074 1763 3124 nunc
1803 3074 1926 3145 per
1964 3051 2218 3123 Gallias
2270 3054 2474 3143 longe
2527 3055 2697 3122 late-

542 3198 677 3270 que
717 3176 1194 3270 peregrinatus
1234 3184 1364 3248 est.
1408 3177 1509 3246 Ita
1542 3175 1708 3247 dum
1746 3174 2101 3259 anhelans,
2138 3196 2221 3245 ac
2254 3197 2377 3269 per
2410 3174 2699 3248 diversa
2801 3222 2804 3225 ι

543 3310 877 3389 terrarum
906 3321 1314 3391 generosam
1344 3299 1528 3370 sitim
1557 3308 1881 3391 satagens
1908 3299 2344 3389 extinguere,
2376 3295 2699 3368 omnibus

544 3425 761 3494 ferme
805 3422 1189 3494 studiorum
1228 3421 1530 3493 fontibus
1568 3420 2018 3513 immergitur,
2050 3441 2275 3513 usque
2303 3419 2393 3491 ad
2429 3418 2701 3490 virilem

542 3553 815 3617 aetatem
843 3554 1296 3638 spontaneum
1330 3544 1479 3639 ipse
1515 3544 1648 3617 sibi
1684 3544 1936 3617 indixit
1967 3544 2278 3615 exilium.
2314 3545 2482 3615 Post
2515 3542 2695 3625 haec,

450 3690 457 3697 ·
546 3670 692 3742 sola
755 3667 1033 3740 virtutis
1099 3667 1547 3740 admiratione
1614 3666 1930 3739 facillime
1997 3665 2477 3760 dispensante,
2542 3672 2702 3736 ante

546 3812 763 3862 annos
806 3790 894 3862 ad
934 3790 1408 3883 episcopatum
1453 3800 1566 3863 est
1602 3798 2004 3885 provectuS,
2052 3812 2258 3882 quem
2303 3788 2405 3860 sic
2445 3788 2695 3880 gessit,

547 3919 625 3981 ut
674 3922 937 3983 tantum
985 3914 1214 3984 virum
1268 3934 1406 3983 non
1455 3913 1678 3985 altiori
1747 3912 1920 3984 solio
1973 3912 2328 3984 sedentem
2380 3902 2693 3992 cernere,

547 4043 831 4105 cunctos
859 4033 1077 4107 bonos
1101 4035 1415 4129 puderet,
1454 4047 1715 4130 praeter
1745 4057 1906 4108 eum
1943 4035 2197 4131 ipsum,
2237 4035 2356 4127 qui
2389 4031 2481 4103 ab
2511 4030 2696 4102 omni

550 4151 939 4226 ambitionis
981 4168 1101 4229 aut
1138 4158 1451 4231 avaritiae
1493 4158 1740 4230 ardore
1782 4158 2206 4241 liberrimuS,
2244 4165 2316 4227 et
2351 4162 2534 4226 sorte
2570 4174 2699 4223 sua
