<?xml version="1.0" encoding="UTF-8"?>
<!DOCTYPE html PUBLIC "-//W3C//DTD XHTML 1.0 Transitional//EN"
    "http://www.w3.org/TR/xhtml1/DTD/xhtml1-transitional.dtd">
<html xmlns="http://www.w3.org/1999/xhtml" xml:lang="en" lang="en">
 <head>
  <title>
</title>
<meta http-equiv="Content-Type" content="text/html;charset=utf-8" />
  <meta name='ocr-system' content='tesseract 3.04.00' />
  <meta name='ocr-capabilities' content='ocr_page ocr_carea ocr_par ocr_line ocrx_word'/>
</head>
<body>
  <div class='ocr_page' id='page_1' title='image "./epistolaederebu00unkngoog_0294.png"; bbox 0 0 3104 4805; ppageno 0'>
   <div class='ocr_carea' id='block_1_1' title="bbox 576 380 2058 442">
    <p class='ocr_par' dir='ltr' id='par_1_1' title="bbox 576 380 2058 442">
     <span class='ocr_line' id='line_1_1' title="bbox 576 380 2058 442; baseline -0.004 -1"><span class='ocrx_word' id='word_1_1' title='bbox 576 380 689 442; x_wconf 72' lang='lat'><strong>126</strong></span> <span class='ocrx_word' id='word_1_2' title='bbox 874 407 880 413; x_wconf 93' lang='lat'><em>·</em></span> <span class='ocrx_word' id='word_1_3' title='bbox 1242 390 1321 438; x_wconf 70' lang='lat' dir='ltr'><strong>nn</strong></span> <span class='ocrx_word' id='word_1_4' title='bbox 1366 390 1567 438; x_wconf 68' lang='lat' dir='ltr'><strong>uenus</strong></span> <span class='ocrx_word' id='word_1_5' title='bbox 1612 388 2058 438; x_wconf 74' lang='lat' dir='ltr'>FAMILIARIBUS</span> 
     </span>
    </p>
   </div>
   <div class='ocr_carea' id='block_1_2' title="bbox 571 534 2758 2475">
    <p class='ocr_par' dir='ltr' id='par_1_2' title="bbox 571 534 2758 2475">
     <span class='ocr_line' id='line_1_2' title="bbox 577 534 2747 634; baseline -0.002 -21"><span class='ocrx_word' id='word_1_6' title='bbox 577 539 915 634; x_wconf 86' lang='lat' dir='ltr'><strong>Scipionis</strong></span> <span class='ocrx_word' id='word_1_7' title='bbox 960 537 1352 631; x_wconf 88' lang='lat' dir='ltr'><strong>sepulchro,</strong></span> <span class='ocrx_word' id='word_1_8' title='bbox 1399 538 1526 609; x_wconf 88' lang='lat' dir='ltr'><strong>sed</strong></span> <span class='ocrx_word' id='word_1_9' title='bbox 1568 536 1657 607; x_wconf 92' lang='lat' dir='ltr'><strong>de</strong></span> <span class='ocrx_word' id='word_1_10' title='bbox 1700 535 1886 606; x_wconf 82' lang='lat' dir='ltr'>Urbe</span> <span class='ocrx_word' id='word_1_11' title='bbox 1918 536 2163 619; x_wconf 89' lang='lat' dir='ltr'><strong>Roma,</strong></span> <span class='ocrx_word' id='word_1_12' title='bbox 2204 534 2326 605; x_wconf 93' lang='lat' dir='ltr'><strong>ubi</strong></span> <span class='ocrx_word' id='word_1_13' title='bbox 2360 536 2589 629; x_wconf 88' lang='lat' dir='ltr'><strong>Scipio</strong></span> <span class='ocrx_word' id='word_1_14' title='bbox 2624 561 2747 608; x_wconf 91' lang='lat' dir='ltr'><strong>na-</strong></span> 
     </span>
     <span class='ocr_line' id='line_1_3' title="bbox 579 657 2747 753; baseline -0.001 -17"><span class='ocrx_word' id='word_1_15' title='bbox 579 678 690 736; x_wconf 88' lang='lat' dir='ltr'><strong>tus</strong></span> <span class='ocrx_word' id='word_1_16' title='bbox 733 673 865 748; x_wconf 86' lang='lat' dir='ltr'><strong>est,</strong></span> <span class='ocrx_word' id='word_1_17' title='bbox 906 662 1026 733; x_wconf 87' lang='lat' dir='ltr'><strong>ubi</strong></span> <span class='ocrx_word' id='word_1_18' title='bbox 1059 660 1421 745; x_wconf 79' lang='lat' dir='ltr'><strong>educatuS‚</strong></span> <span class='ocrx_word' id='word_1_19' title='bbox 1461 659 1584 731; x_wconf 92' lang='lat' dir='ltr'><strong>ubi</strong></span> <span class='ocrx_word' id='word_1_20' title='bbox 1624 659 1847 730; x_wconf 83' lang='lat' dir='ltr'><strong>victor</strong></span> <span class='ocrx_word' id='word_1_21' title='bbox 1889 657 2074 729; x_wconf 89' lang='lat' dir='ltr'><strong>idem</strong></span> <span class='ocrx_word' id='word_1_22' title='bbox 2107 667 2178 728; x_wconf 86' lang='lat' dir='ltr'><strong>et</strong></span> <span class='ocrx_word' id='word_1_23' title='bbox 2211 681 2379 731; x_wconf 90' lang='lat' dir='ltr'><strong>reus</strong></span> <span class='ocrx_word' id='word_1_24' title='bbox 2414 661 2565 753; x_wconf 89' lang='lat' dir='ltr'><strong>pari</strong></span> <span class='ocrx_word' id='word_1_25' title='bbox 2599 665 2747 753; x_wconf 88' lang='lat' dir='ltr'><strong>glo-</strong></span> 
     </span>
     <span class='ocr_line' id='line_1_4' title="bbox 576 781 2744 879; baseline -0.001 -20"><span class='ocrx_word' id='word_1_26' title='bbox 576 789 680 860; x_wconf 87' lang='lat' dir='ltr'><strong>ria</strong></span> <span class='ocrx_word' id='word_1_27' title='bbox 720 786 1206 879; x_wconf 80' lang='lat' dir='ltr'><strong>triumphavit3</strong></span> <span class='ocrx_word' id='word_1_28' title='bbox 1250 785 1370 855; x_wconf 90' lang='lat' dir='ltr'><strong>ubi</strong></span> <span class='ocrx_word' id='word_1_29' title='bbox 1412 806 1550 855; x_wconf 90' lang='lat' dir='ltr'><strong>non</strong></span> <span class='ocrx_word' id='word_1_30' title='bbox 1593 803 1779 855; x_wconf 91' lang='lat' dir='ltr'><strong>unus</strong></span> <span class='ocrx_word' id='word_1_31' title='bbox 1827 782 1961 865; x_wconf 89' lang='lat' dir='ltr'><strong>ille,</strong></span> <span class='ocrx_word' id='word_1_32' title='bbox 2023 781 2149 853; x_wconf 91' lang='lat' dir='ltr'><strong>sed</strong></span> <span class='ocrx_word' id='word_1_33' title='bbox 2204 781 2744 856; x_wconf 90' lang='lat' dir='ltr'><strong>innumerabiles</strong></span> 
     </span>
     <span class='ocr_line' id='line_1_5' title="bbox 579 904 2746 1002; baseline -0.002 -21"><span class='ocrx_word' id='word_1_34' title='bbox 579 909 912 1002; x_wconf 74' lang='lat' dir='ltr'><strong>vixerunt</strong></span> <span class='ocrx_word' id='word_1_35' title='bbox 952 909 1112 994; x_wconf 89' lang='lat' dir='ltr'><strong>viri,</strong></span> <span class='ocrx_word' id='word_1_36' title='bbox 1158 928 1337 1000; x_wconf 90' lang='lat' dir='ltr'><strong>quos</strong></span> <span class='ocrx_word' id='word_1_37' title='bbox 1376 928 1738 997; x_wconf 90' lang='lat' dir='ltr'><strong>nunquam</strong></span> <span class='ocrx_word' id='word_1_38' title='bbox 1794 907 1977 977; x_wconf 83' lang='lat' dir='ltr'><strong>fama</strong></span> <span class='ocrx_word' id='word_1_39' title='bbox 2012 904 2305 978; x_wconf 85' lang='lat' dir='ltr'><strong>tacitura</strong></span> <span class='ocrx_word' id='word_1_40' title='bbox 2342 919 2471 978; x_wconf 84' lang='lat' dir='ltr'><strong>est.</strong></span> <span class='ocrx_word' id='word_1_41' title='bbox 2514 910 2611 978; x_wconf 91' lang='lat' dir='ltr'><strong>De</strong></span> <span class='ocrx_word' id='word_1_42' title='bbox 2650 909 2746 980; x_wconf 93' lang='lat' dir='ltr'><strong>ci-</strong></span> 
     </span>
     <span class='ocr_line' id='line_1_6' title="bbox 576 1017 2743 1128; baseline -0 -25"><span class='ocrx_word' id='word_1_43' title='bbox 576 1034 823 1117; x_wconf 86' lang='lat' dir='ltr'><strong>vitate,</strong></span> <span class='ocrx_word' id='word_1_44' title='bbox 871 1017 1171 1124; x_wconf 83' lang='lat' dir='ltr'><strong>inquam,</strong></span> <span class='ocrx_word' id='word_1_45' title='bbox 1214 1031 1346 1116; x_wconf 90' lang='lat' dir='ltr'><strong>illa,</strong></span> <span class='ocrx_word' id='word_1_46' title='bbox 1391 1029 1502 1101; x_wconf 91' lang='lat' dir='ltr'><strong>cui</strong></span> <span class='ocrx_word' id='word_1_47' title='bbox 1555 1033 1742 1102; x_wconf 88' lang='lat' dir='ltr'><strong>nulla</strong></span> <span class='ocrx_word' id='word_1_48' title='bbox 1785 1028 2029 1101; x_wconf 87' lang='lat' dir='ltr'><strong>similis</strong></span> <span class='ocrx_word' id='word_1_49' title='bbox 2082 1032 2234 1128; x_wconf 76' lang='lat' dir='ltr'><strong>fuit,</strong></span> <span class='ocrx_word' id='word_1_50' title='bbox 2281 1033 2469 1102; x_wconf 88' lang='lat' dir='ltr'><strong>nulla</strong></span> <span class='ocrx_word' id='word_1_51' title='bbox 2509 1034 2743 1103; x_wconf 83' lang='lat' dir='ltr'><strong>futura</strong></span> 
     </span>
     <span class='ocr_line' id='line_1_7' title="bbox 576 1151 2748 1246; baseline 0 -20"><span class='ocrx_word' id='word_1_52' title='bbox 576 1165 715 1237; x_wconf 81' lang='lat' dir='ltr'><strong>est3</strong></span> <span class='ocrx_word' id='word_1_53' title='bbox 757 1175 917 1246; x_wconf 86' lang='lat' dir='ltr'><strong>quae</strong></span> <span class='ocrx_word' id='word_1_54' title='bbox 958 1153 1204 1225; x_wconf 85' lang='lat' dir='ltr'><strong>civitas</strong></span> <span class='ocrx_word' id='word_1_55' title='bbox 1253 1151 1500 1243; x_wconf 72' lang='lat' dir='ltr'><strong>regum</strong></span> <span class='ocrx_word' id='word_1_56' title='bbox 1560 1152 1769 1224; x_wconf 88' lang='lat' dir='ltr'><strong>etiam</strong></span> <span class='ocrx_word' id='word_1_57' title='bbox 1818 1153 1908 1224; x_wconf 90' lang='lat' dir='ltr'><strong>ab</strong></span> <span class='ocrx_word' id='word_1_58' title='bbox 1955 1153 2164 1225; x_wconf 82' lang='lat' dir='ltr'><strong>hoste</strong></span> <span class='ocrx_word' id='word_1_59' title='bbox 2214 1156 2402 1227; x_wconf 85' lang='lat' dir='ltr'><strong>dicta</strong></span> <span class='ocrx_word' id='word_1_60' title='bbox 2449 1164 2604 1237; x_wconf 82' lang='lat' dir='ltr'><strong>est3</strong></span> <span class='ocrx_word' id='word_1_61' title='bbox 2656 1155 2748 1227; x_wconf 92' lang='lat' dir='ltr'><strong>de</strong></span> 
     </span>
     <span class='ocr_line' id='line_1_8' title="bbox 580 1275 2750 1369; baseline -0.001 -20"><span class='ocrx_word' id='word_1_62' title='bbox 580 1278 778 1349; x_wconf 90' lang='lat' dir='ltr'><strong>cuius</strong></span> <span class='ocrx_word' id='word_1_63' title='bbox 819 1277 1073 1369; x_wconf 91' lang='lat' dir='ltr'><strong>populo</strong></span> <span class='ocrx_word' id='word_1_64' title='bbox 1115 1276 1446 1368; x_wconf 86' lang='lat' dir='ltr'><strong>scriptum</strong></span> <span class='ocrx_word' id='word_1_65' title='bbox 1488 1275 1816 1366; x_wconf 90' lang='lat' dir='ltr'><strong>legimus:</strong></span> <span class='ocrx_word' id='word_1_66' title='bbox 1877 1298 2126 1367; x_wconf 70' lang='lat' dir='ltr'><strong>maqna</strong></span> <span class='ocrx_word' id='word_1_67' title='bbox 2183 1289 2274 1346; x_wconf 84' lang='lat' dir='ltr'><strong>est</strong></span> <span class='ocrx_word' id='word_1_68' title='bbox 2308 1281 2580 1367; x_wconf 81' lang='lat' dir='ltr'><strong>fortuna</strong></span> <span class='ocrx_word' id='word_1_69' title='bbox 2622 1300 2750 1369; x_wconf 85' lang='lat' dir='ltr'><strong>po-</strong></span> 
     </span>
     <span class='ocr_line' id='line_1_9' title="bbox 571 1399 2749 1494; baseline 0.001 -25"><span class='ocrx_word' id='word_1_70' title='bbox 571 1402 727 1494; x_wconf 81' lang='lat' dir='ltr'><strong>puli</strong></span> <span class='ocrx_word' id='word_1_71' title='bbox 776 1399 1105 1481; x_wconf 80' lang='lat' dir='ltr'><strong>Romani,</strong></span> <span class='ocrx_word' id='word_1_72' title='bbox 1171 1419 1493 1488; x_wconf 66' lang='lat' dir='ltr'><strong>maynum</strong></span> <span class='ocrx_word' id='word_1_73' title='bbox 1559 1409 1621 1468; x_wconf 81' lang='lat' dir='ltr'><strong>et</strong></span> <span class='ocrx_word' id='word_1_74' title='bbox 1687 1401 1975 1469; x_wconf 80' lang='lat' dir='ltr'><strong>terribile</strong></span> <span class='ocrx_word' id='word_1_75' title='bbox 2027 1423 2300 1483; x_wconf 66' lang='lat' dir='ltr'><strong>nomem</strong></span> <span class='ocrx_word' id='word_1_76' title='bbox 2341 1400 2542 1471; x_wconf 86' lang='lat' dir='ltr'><strong>cuius</strong></span> <span class='ocrx_word' id='word_1_77' title='bbox 2595 1400 2749 1472; x_wconf 88' lang='lat' dir='ltr'><strong>sine</strong></span> 
     </span>
     <span class='ocr_line' id='line_1_10' title="bbox 581 1521 2752 1617; baseline 0 -24"><span class='ocrx_word' id='word_1_78' title='bbox 581 1524 903 1615; x_wconf 83' lang='lat' dir='ltr'><strong>exemplo</strong></span> <span class='ocrx_word' id='word_1_79' title='bbox 945 1521 1520 1612; x_wconf 81' lang='lat' dir='ltr'><strong>magnitudinem,</strong></span> <span class='ocrx_word' id='word_1_80' title='bbox 1567 1533 1780 1615; x_wconf 86' lang='lat' dir='ltr'><strong>atque</strong></span> <span class='ocrx_word' id='word_1_81' title='bbox 1819 1522 2426 1617; x_wconf 82' lang='lat' dir='ltr'><strong>incomparabilem</strong></span> <span class='ocrx_word' id='word_1_82' title='bbox 2472 1545 2752 1595; x_wconf 86' lang='lat' dir='ltr'><strong>monar-</strong></span> 
     </span>
     <span class='ocr_line' id='line_1_11' title="bbox 582 1644 2747 1738; baseline 0.001 -22"><span class='ocrx_word' id='word_1_83' title='bbox 582 1644 809 1716; x_wconf 89' lang='lat' dir='ltr'><strong>chiam</strong></span> <span class='ocrx_word' id='word_1_84' title='bbox 861 1646 1164 1715; x_wconf 82' lang='lat' dir='ltr'><strong>futuram</strong></span> <span class='ocrx_word' id='word_1_85' title='bbox 1217 1654 1778 1738; x_wconf 61' lang='lat' dir='ltr'><strong>praesentemque</strong></span> <span class='ocrx_word' id='word_1_86' title='bbox 1816 1645 2038 1716; x_wconf 89' lang='lat' dir='ltr'><strong>divini</strong></span> <span class='ocrx_word' id='word_1_87' title='bbox 2078 1646 2479 1718; x_wconf 88' lang='lat' dir='ltr'><strong>cecinerunt</strong></span> <span class='ocrx_word' id='word_1_88' title='bbox 2525 1657 2747 1718; x_wconf 83' lang='lat' dir='ltr'><strong>vates.</strong></span> 
     </span>
     <span class='ocr_line' id='line_1_12' title="bbox 581 1768 2751 1862; baseline 0.002 -25"><span class='ocrx_word' id='word_1_89' title='bbox 581 1768 823 1860; x_wconf 85' lang='lat' dir='ltr'>Neque</span> <span class='ocrx_word' id='word_1_90' title='bbox 856 1789 991 1859; x_wconf 88' lang='lat' dir='ltr'><strong>ego</strong></span> <span class='ocrx_word' id='word_1_91' title='bbox 1025 1791 1211 1839; x_wconf 91' lang='lat' dir='ltr'><strong>nunc</strong></span> <span class='ocrx_word' id='word_1_92' title='bbox 1243 1769 1591 1840; x_wconf 88' lang='lat' dir='ltr'><strong>Romanas</strong></span> <span class='ocrx_word' id='word_1_93' title='bbox 1639 1790 2026 1862; x_wconf 87' lang='lat' dir='ltr'><strong>prosequor</strong></span> <span class='ocrx_word' id='word_1_94' title='bbox 2072 1770 2345 1841; x_wconf 89' lang='lat' dir='ltr'><strong>laudes:</strong></span> <span class='ocrx_word' id='word_1_95' title='bbox 2382 1770 2603 1841; x_wconf 89' lang='lat' dir='ltr'><strong>maior</strong></span> <span class='ocrx_word' id='word_1_96' title='bbox 2633 1791 2751 1841; x_wconf 88' lang='lat' dir='ltr'><strong>res</strong></span> 
     </span>
     <span class='ocr_line' id='line_1_13' title="bbox 584 1889 2752 1984; baseline 0 -24"><span class='ocrx_word' id='word_1_97' title='bbox 584 1900 718 1977; x_wconf 83' lang='lat' dir='ltr'><strong>est,</strong></span> <span class='ocrx_word' id='word_1_98' title='bbox 765 1914 976 1984; x_wconf 89' lang='lat' dir='ltr'><strong>quam</strong></span> <span class='ocrx_word' id='word_1_99' title='bbox 1029 1900 1108 1962; x_wconf 85' lang='lat' dir='ltr'><strong>ut</strong></span> <span class='ocrx_word' id='word_1_100' title='bbox 1157 1889 1379 1983; x_wconf 87' lang='lat' dir='ltr'><strong>possit</strong></span> <span class='ocrx_word' id='word_1_101' title='bbox 1419 1913 1459 1961; x_wconf 89' lang='lat' dir='ltr'><strong>a</strong></span> <span class='ocrx_word' id='word_1_102' title='bbox 1503 1901 2021 1962; x_wconf 84' lang='lat' dir='ltr'><strong>transcurrente</strong></span> <span class='ocrx_word' id='word_1_103' title='bbox 2061 1892 2364 1963; x_wconf 80' lang='lat' dir='ltr'><strong>tract-ari.</strong></span> <span class='ocrx_word' id='word_1_104' title='bbox 2420 1893 2561 1964; x_wconf 89' lang='lat' dir='ltr'><strong>Sed</strong></span> <span class='ocrx_word' id='word_1_105' title='bbox 2599 1893 2752 1963; x_wconf 86' lang='lat' dir='ltr'><strong>haec</strong></span> 
     </span>
     <span class='ocr_line' id='line_1_14' title="bbox 584 2014 2756 2109; baseline -0.001 -23"><span class='ocrx_word' id='word_1_106' title='bbox 584 2015 844 2086; x_wconf 91' lang='lat' dir='ltr'><strong>cursim</strong></span> <span class='ocrx_word' id='word_1_107' title='bbox 887 2015 1080 2106; x_wconf 85' lang='lat' dir='ltr'><strong>attigi</strong></span> <span class='ocrx_word' id='word_1_108' title='bbox 1122 2025 1199 2085; x_wconf 87' lang='lat' dir='ltr'><strong>ut</strong></span> <span class='ocrx_word' id='word_1_109' title='bbox 1247 2014 1672 2105; x_wconf 86' lang='lat' dir='ltr'><strong>intelligeres</strong></span> <span class='ocrx_word' id='word_1_110' title='bbox 1725 2036 1867 2086; x_wconf 90' lang='lat' dir='ltr'><strong>non</strong></span> <span class='ocrx_word' id='word_1_111' title='bbox 1924 2015 2433 2109; x_wconf 85' lang='lat' dir='ltr'><strong>parvipendere</strong></span> <span class='ocrx_word' id='word_1_112' title='bbox 2485 2037 2596 2085; x_wconf 90' lang='lat' dir='ltr'><strong>me</strong></span> <span class='ocrx_word' id='word_1_113' title='bbox 2645 2035 2756 2084; x_wconf 91' lang='lat' dir='ltr'><strong>re-</strong></span> 
     </span>
     <span class='ocr_line' id='line_1_15' title="bbox 586 2136 2756 2231; baseline 0 -26"><span class='ocrx_word' id='word_1_114' title='bbox 586 2138 772 2228; x_wconf 85' lang='lat' dir='ltr'><strong>ginae</strong></span> <span class='ocrx_word' id='word_1_115' title='bbox 805 2137 1000 2208; x_wconf 90' lang='lat' dir='ltr'><strong>urbis</strong></span> <span class='ocrx_word' id='word_1_116' title='bbox 1040 2146 1428 2228; x_wconf 82' lang='lat' dir='ltr'><strong>aspectum,</strong></span> <span class='ocrx_word' id='word_1_117' title='bbox 1472 2136 1563 2207; x_wconf 90' lang='lat' dir='ltr'><strong>de</strong></span> <span class='ocrx_word' id='word_1_118' title='bbox 1606 2159 1745 2228; x_wconf 88' lang='lat' dir='ltr'><strong>qua</strong></span> <span class='ocrx_word' id='word_1_119' title='bbox 1785 2137 2049 2209; x_wconf 84' lang='lat' dir='ltr'><strong>infinita</strong></span> <span class='ocrx_word' id='word_1_120' title='bbox 2090 2137 2399 2231; x_wconf 88' lang='lat' dir='ltr'><strong>perlegi,</strong></span> <span class='ocrx_word' id='word_1_121' title='bbox 2471 2146 2543 2208; x_wconf 84' lang='lat' dir='ltr'><strong>et</strong></span> <span class='ocrx_word' id='word_1_122' title='bbox 2604 2137 2756 2228; x_wconf 88' lang='lat' dir='ltr'><strong>ipse</strong></span> 
     </span>
     <span class='ocr_line' id='line_1_16' title="bbox 588 2256 2756 2354; baseline -0.001 -24"><span class='ocrx_word' id='word_1_123' title='bbox 588 2263 805 2331; x_wconf 80' lang='lat' dir='ltr'><strong>multa</strong></span> <span class='ocrx_word' id='word_1_124' title='bbox 846 2259 982 2328; x_wconf 88' lang='lat' dir='ltr'><strong>iam</strong></span> <span class='ocrx_word' id='word_1_125' title='bbox 1030 2256 1308 2348; x_wconf 85' lang='lat' dir='ltr'><strong>scripsi,</strong></span> <span class='ocrx_word' id='word_1_126' title='bbox 1354 2258 1555 2349; x_wconf 89' lang='lat' dir='ltr'><strong>plura</strong></span> <span class='ocrx_word' id='word_1_127' title='bbox 1599 2259 1775 2329; x_wconf 86' lang='lat' dir='ltr'><strong>sorte</strong></span> <span class='ocrx_word' id='word_1_128' title='bbox 1814 2261 2231 2354; x_wconf 86' lang='lat' dir='ltr'><strong>scripturus,</strong></span> <span class='ocrx_word' id='word_1_129' title='bbox 2288 2259 2420 2329; x_wconf 90' lang='lat' dir='ltr'><strong>nisi</strong></span> <span class='ocrx_word' id='word_1_130' title='bbox 2462 2260 2756 2354; x_wconf 89' lang='lat' dir='ltr'><strong>primor-</strong></span> 
     </span>
     <span class='ocr_line' id='line_1_17' title="bbox 586 2377 2758 2475; baseline 0 -22"><span class='ocrx_word' id='word_1_131' title='bbox 586 2382 701 2454; x_wconf 89' lang='lat' dir='ltr'><strong>dia</strong></span> <span class='ocrx_word' id='word_1_132' title='bbox 743 2400 899 2451; x_wconf 88' lang='lat' dir='ltr'><strong>mea</strong></span> <span class='ocrx_word' id='word_1_133' title='bbox 953 2377 1380 2472; x_wconf 81' lang='lat' dir='ltr'><strong>praecipitata</strong></span> <span class='ocrx_word' id='word_1_134' title='bbox 1433 2377 1587 2449; x_wconf 89' lang='lat' dir='ltr'><strong>dies</strong></span> <span class='ocrx_word' id='word_1_135' title='bbox 1640 2379 1883 2451; x_wconf 88' lang='lat' dir='ltr'><strong>mortis</strong></span> <span class='ocrx_word' id='word_1_136' title='bbox 1938 2379 2333 2475; x_wconf 85' lang='lat' dir='ltr'><strong>abrumpat.</strong></span> <span class='ocrx_word' id='word_1_137' title='bbox 2380 2382 2597 2474; x_wconf 85' lang='lat' dir='ltr'><strong>Finge</strong></span> <span class='ocrx_word' id='word_1_138' title='bbox 2648 2404 2758 2453; x_wconf 90' lang='lat' dir='ltr'><strong>me</strong></span> 
     </span>
    </p>
   </div>
   <div class='ocr_carea' id='block_1_3' title="bbox 587 2502 2764 2711">
    <p class='ocr_par' dir='ltr' id='par_1_3' title="bbox 587 2502 2764 2711">
     <span class='ocr_line' id='line_1_18' title="bbox 587 2502 2761 2593; baseline 0 -20"><span class='ocrx_word' id='word_1_139' title='bbox 587 2505 699 2574; x_wconf 91' lang='lat' dir='ltr'><strong>his</strong></span> <span class='ocrx_word' id='word_1_140' title='bbox 750 2521 1193 2593; x_wconf 87' lang='lat' dir='ltr'><strong>nequaquam</strong></span> <span class='ocrx_word' id='word_1_141' title='bbox 1248 2502 1482 2591; x_wconf 82' lang='lat' dir='ltr'><strong>tangi3</strong></span> <span class='ocrx_word' id='word_1_142' title='bbox 1551 2525 1764 2593; x_wconf 90' lang='lat' dir='ltr'><strong>quam</strong></span> <span class='ocrx_word' id='word_1_143' title='bbox 1830 2502 2034 2573; x_wconf 89' lang='lat' dir='ltr'><strong>dulce</strong></span> <span class='ocrx_word' id='word_1_144' title='bbox 2103 2513 2334 2577; x_wconf 85' lang='lat' dir='ltr'><strong>tamen</strong></span> <span class='ocrx_word' id='word_1_145' title='bbox 2400 2516 2511 2577; x_wconf 85' lang='lat' dir='ltr'><strong>est</strong></span> <span class='ocrx_word' id='word_1_146' title='bbox 2575 2504 2761 2577; x_wconf 91' lang='lat' dir='ltr'><strong>chri-</strong></span> 
     </span>
     <span class='ocr_line' id='line_1_19' title="bbox 589 2621 2764 2711; baseline 0.003 -19"><span class='ocrx_word' id='word_1_147' title='bbox 589 2621 812 2693; x_wconf 86' lang='lat' dir='ltr'><strong>stiano</strong></span> <span class='ocrx_word' id='word_1_148' title='bbox 854 2621 1083 2691; x_wconf 91' lang='lat' dir='ltr'><strong>animo</strong></span> <span class='ocrx_word' id='word_1_149' title='bbox 1124 2621 1369 2692; x_wconf 84' lang='lat' dir='ltr'><strong>urbem</strong></span> <span class='ocrx_word' id='word_1_150' title='bbox 1423 2643 1736 2707; x_wconf 89' lang='lat' dir='ltr'><strong>cernere,</strong></span> <span class='ocrx_word' id='word_1_151' title='bbox 1792 2624 1948 2694; x_wconf 87' lang='lat' dir='ltr'><strong>coeli</strong></span> <span class='ocrx_word' id='word_1_152' title='bbox 2000 2624 2223 2694; x_wconf 86' lang='lat' dir='ltr'><strong>instar</strong></span> <span class='ocrx_word' id='word_1_153' title='bbox 2257 2626 2328 2696; x_wconf 93' lang='lat' dir='ltr'><strong>in</strong></span> <span class='ocrx_word' id='word_1_154' title='bbox 2372 2628 2594 2711; x_wconf 80' lang='lat' dir='ltr'><strong>terriS,</strong></span> <span class='ocrx_word' id='word_1_155' title='bbox 2652 2649 2764 2698; x_wconf 91' lang='lat' dir='ltr'><strong>sa-</strong></span> 
     </span>
    </p>
   </div>
   <div class='ocr_carea' id='block_1_4' title="bbox 586 2742 2773 4312">
    <p class='ocr_par' dir='ltr' id='par_1_4' title="bbox 586 2742 2773 4312">
     <span class='ocr_line' id='line_1_20' title="bbox 586 2742 2757 2842; baseline 0.001 -28"><span class='ocrx_word' id='word_1_156' title='bbox 586 2742 968 2814; x_wconf 90' lang='lat' dir='ltr'><strong>crosanctis</strong></span> <span class='ocrx_word' id='word_1_157' title='bbox 1010 2752 1397 2842; x_wconf 81' lang='lat' dir='ltr'><strong>martyrum</strong></span> <span class='ocrx_word' id='word_1_158' title='bbox 1433 2745 1669 2814; x_wconf 86' lang='lat' dir='ltr'><strong>nervis</strong></span> <span class='ocrx_word' id='word_1_159' title='bbox 1722 2753 1932 2836; x_wconf 81' lang='lat' dir='ltr'><strong>atque</strong></span> <span class='ocrx_word' id='word_1_160' title='bbox 1983 2746 2268 2815; x_wconf 89' lang='lat' dir='ltr'><strong>ossibus</strong></span> <span class='ocrx_word' id='word_1_161' title='bbox 2320 2756 2757 2832; x_wconf 87' lang='lat' dir='ltr'><strong>consertam,</strong></span> 
     </span>
     <span class='ocr_line' id='line_1_21' title="bbox 594 2865 2765 2959; baseline 0.001 -22"><span class='ocrx_word' id='word_1_162' title='bbox 594 2875 662 2938; x_wconf 87' lang='lat' dir='ltr'><strong>et</strong></span> <span class='ocrx_word' id='word_1_163' title='bbox 711 2865 862 2936; x_wconf 83' lang='lat' dir='ltr'><strong>veri</strong></span> <span class='ocrx_word' id='word_1_164' title='bbox 906 2866 1188 2937; x_wconf 84' lang='lat' dir='ltr'><strong>testium</strong></span> <span class='ocrx_word' id='word_1_165' title='bbox 1230 2866 1547 2959; x_wconf 87' lang='lat' dir='ltr'><strong>preciosa</strong></span> <span class='ocrx_word' id='word_1_166' title='bbox 1594 2866 1792 2937; x_wconf 85' lang='lat' dir='ltr'><strong>caede</strong></span> <span class='ocrx_word' id='word_1_167' title='bbox 1840 2869 2289 2957; x_wconf 77' lang='lat' dir='ltr'><strong>respersam?</strong></span> <span class='ocrx_word' id='word_1_168' title='bbox 2335 2867 2598 2938; x_wconf 87' lang='lat' dir='ltr'><strong>Videre</strong></span> <span class='ocrx_word' id='word_1_169' title='bbox 2638 2891 2765 2939; x_wconf 87' lang='lat' dir='ltr'><strong>ve-</strong></span> 
     </span>
     <span class='ocr_line' id='line_1_22' title="bbox 589 2987 2765 3083; baseline 0 -25"><span class='ocrx_word' id='word_1_170' title='bbox 589 2989 878 3060; x_wconf 89' lang='lat' dir='ltr'><strong>rendam</strong></span> <span class='ocrx_word' id='word_1_171' title='bbox 919 2990 1191 3083; x_wconf 91' lang='lat' dir='ltr'><strong>populis</strong></span> <span class='ocrx_word' id='word_1_172' title='bbox 1234 2988 1611 3060; x_wconf 86' lang='lat' dir='ltr'><strong>Salvatoris</strong></span> <span class='ocrx_word' id='word_1_173' title='bbox 1646 2987 2060 3079; x_wconf 82' lang='lat' dir='ltr'><strong>imaginem,</strong></span> <span class='ocrx_word' id='word_1_174' title='bbox 2131 2997 2204 3056; x_wconf 88' lang='lat' dir='ltr'><strong>et</strong></span> <span class='ocrx_word' id='word_1_175' title='bbox 2265 2989 2338 3056; x_wconf 90' lang='lat' dir='ltr'><strong>in</strong></span> <span class='ocrx_word' id='word_1_176' title='bbox 2391 2994 2577 3059; x_wconf 75' lang='lat' dir='ltr'><strong>saxo</strong></span> <span class='ocrx_word' id='word_1_177' title='bbox 2632 2988 2765 3058; x_wconf 90' lang='lat' dir='ltr'><strong>du-</strong></span> 
     </span>
     <span class='ocr_line' id='line_1_23' title="bbox 591 3109 2762 3205; baseline 0 -24"><span class='ocrx_word' id='word_1_178' title='bbox 591 3113 873 3185; x_wconf 87' lang='lat' dir='ltr'><strong>rissimo</strong></span> <span class='ocrx_word' id='word_1_179' title='bbox 923 3125 1264 3184; x_wconf 85' lang='lat' dir='ltr'><strong>aeternum</strong></span> <span class='ocrx_word' id='word_1_180' title='bbox 1316 3112 1643 3205; x_wconf 84' lang='lat' dir='ltr'><strong>gentibus</strong></span> <span class='ocrx_word' id='word_1_181' title='bbox 1695 3111 2051 3183; x_wconf 88' lang='lat' dir='ltr'><strong>adoranda</strong></span> <span class='ocrx_word' id='word_1_182' title='bbox 2091 3110 2442 3204; x_wconf 78' lang='lat' dir='ltr'><strong>vestigia?</strong></span> <span class='ocrx_word' id='word_1_183' title='bbox 2492 3109 2612 3182; x_wconf 91' lang='lat' dir='ltr'><strong>ubi</strong></span> <span class='ocrx_word' id='word_1_184' title='bbox 2671 3112 2762 3182; x_wconf 92' lang='lat' dir='ltr'><strong>ad</strong></span> 
     </span>
     <span class='ocr_line' id='line_1_24' title="bbox 592 3231 2771 3329; baseline -0.001 -24"><span class='ocrx_word' id='word_1_185' title='bbox 592 3234 905 3321; x_wconf 85' lang='lat' dir='ltr'><strong>litteram,</strong></span> <span class='ocrx_word' id='word_1_186' title='bbox 949 3240 1104 3308; x_wconf 92' lang='lat' dir='ltr'><strong>luce</strong></span> <span class='ocrx_word' id='word_1_187' title='bbox 1144 3235 1418 3322; x_wconf 89' lang='lat' dir='ltr'><strong>clarius,</strong></span> <span class='ocrx_word' id='word_1_188' title='bbox 1462 3237 1825 3329; x_wconf 82' lang='lat' dir='ltr'><strong>impletum</strong></span> <span class='ocrx_word' id='word_1_189' title='bbox 1867 3234 2177 3306; x_wconf 88' lang='lat' dir='ltr'><strong>cernitur</strong></span> <span class='ocrx_word' id='word_1_190' title='bbox 2201 3234 2373 3307; x_wconf 87' lang='lat' dir='ltr'><strong>illud</strong></span> <span class='ocrx_word' id='word_1_191' title='bbox 2398 3234 2630 3305; x_wconf 78' lang='lat' dir='ltr'><strong>Isaiae:</strong></span> <span class='ocrx_word' id='word_1_192' title='bbox 2675 3231 2771 3303; x_wconf 81' lang='lat' dir='ltr'><strong>Et</strong></span> 
     </span>
     <span class='ocr_line' id='line_1_25' title="bbox 595 3353 2765 3455; baseline -0.001 -28"><span class='ocrx_word' id='word_1_193' title='bbox 595 3361 862 3429; x_wconf 79' lang='lat' dir='ltr'><strong>venient</strong></span> <span class='ocrx_word' id='word_1_194' title='bbox 894 3358 981 3430; x_wconf 85' lang='lat' dir='ltr'><strong>ad</strong></span> <span class='ocrx_word' id='word_1_195' title='bbox 1008 3371 1069 3430; x_wconf 81' lang='lat' dir='ltr'><strong>te</strong></span> <span class='ocrx_word' id='word_1_196' title='bbox 1096 3362 1287 3430; x_wconf 82' lang='lat' dir='ltr'><strong>curvi</strong></span> <span class='ocrx_word' id='word_1_197' title='bbox 1306 3362 1430 3453; x_wconf 81' lang='lat' dir='ltr'><strong>filii</strong></span> <span class='ocrx_word' id='word_1_198' title='bbox 1456 3381 1686 3430; x_wconf 75' lang='lat' dir='ltr'><strong>eorum</strong></span> <span class='ocrx_word' id='word_1_199' title='bbox 1707 3358 1838 3455; x_wconf 11' lang='lat' dir='ltr'><strong>aqui</strong></span> <span class='ocrx_word' id='word_1_200' title='bbox 1867 3359 2387 3428; x_wconf 82' lang='lat' dir='ltr'><strong>humiliaverunt</strong></span> <span class='ocrx_word' id='word_1_201' title='bbox 2416 3369 2497 3441; x_wconf 83' lang='lat' dir='ltr'><strong>te,</strong></span> <span class='ocrx_word' id='word_1_202' title='bbox 2518 3367 2581 3426; x_wconf 82' lang='lat' dir='ltr'><strong>et</strong></span> <span class='ocrx_word' id='word_1_203' title='bbox 2606 3353 2765 3427; x_wconf 83' lang='lat' dir='ltr'><strong>ado-</strong></span> 
     </span>
     <span class='ocr_line' id='line_1_26' title="bbox 593 3477 2766 3576; baseline -0.001 -25"><span class='ocrx_word' id='word_1_204' title='bbox 593 3484 836 3552; x_wconf 79' lang='lat' dir='ltr'><strong>rabunt</strong></span> <span class='ocrx_word' id='word_1_205' title='bbox 877 3484 1150 3575; x_wconf 72' lang='lat' dir='ltr'><strong>vestiqia</strong></span> <span class='ocrx_word' id='word_1_206' title='bbox 1176 3480 1420 3576; x_wconf 84' lang='lat' dir='ltr'><strong>pedum</strong></span> <span class='ocrx_word' id='word_1_207' title='bbox 1463 3494 1723 3553; x_wconf 76' lang='lat' dir='ltr'><strong>tuorum</strong></span> <span class='ocrx_word' id='word_1_208' title='bbox 1765 3502 1989 3550; x_wconf 81' lang='lat' dir='ltr'><strong>omnes</strong></span> <span class='ocrx_word' id='word_1_209' title='bbox 2023 3481 2141 3571; x_wconf 81' lang='lat' dir='ltr'><strong>qui</strong></span> <span class='ocrx_word' id='word_1_210' title='bbox 2171 3477 2601 3550; x_wconf 80' lang='lat' dir='ltr'><strong>detrahebant</strong></span> <span class='ocrx_word' id='word_1_211' title='bbox 2627 3479 2766 3549; x_wconf 78' lang='lat' dir='ltr'><strong><em>tibi.</em></strong></span> 
     </span>
     <span class='ocr_line' id='line_1_27' title="bbox 597 3600 2767 3697; baseline -0.003 -21"><span class='ocrx_word' id='word_1_212' title='bbox 597 3606 903 3678; x_wconf 88' lang='lat' dir='ltr'><strong>Circuire</strong></span> <span class='ocrx_word' id='word_1_213' title='bbox 959 3616 1356 3677; x_wconf 84' lang='lat' dir='ltr'><strong>sanctorum</strong></span> <span class='ocrx_word' id='word_1_214' title='bbox 1411 3600 1747 3690; x_wconf 80' lang='lat' dir='ltr'><strong>tumulOS,</strong></span> <span class='ocrx_word' id='word_1_215' title='bbox 1806 3603 2048 3695; x_wconf 90' lang='lat' dir='ltr'><strong>vagari</strong></span> <span class='ocrx_word' id='word_1_216' title='bbox 2101 3626 2227 3697; x_wconf 89' lang='lat' dir='ltr'><strong>per</strong></span> <span class='ocrx_word' id='word_1_217' title='bbox 2278 3601 2767 3697; x_wconf 89' lang='lat' dir='ltr'><strong>Apostolorum</strong></span> 
     </span>
     <span class='ocr_line' id='line_1_28' title="bbox 605 3723 2771 3818; baseline -0.003 -19"><span class='ocrx_word' id='word_1_218' title='bbox 605 3729 806 3814; x_wconf 86' lang='lat' dir='ltr'><strong>atria,</strong></span> <span class='ocrx_word' id='word_1_219' title='bbox 880 3730 1284 3802; x_wconf 88' lang='lat' dir='ltr'><strong>melioribus</strong></span> <span class='ocrx_word' id='word_1_220' title='bbox 1337 3730 1473 3802; x_wconf 88' lang='lat' dir='ltr'><strong>iam</strong></span> <span class='ocrx_word' id='word_1_221' title='bbox 1523 3729 1711 3801; x_wconf 89' lang='lat' dir='ltr'><strong>curis</strong></span> <span class='ocrx_word' id='word_1_222' title='bbox 1762 3727 2281 3812; x_wconf 84' lang='lat' dir='ltr'><strong>comitantibuS,</strong></span> <span class='ocrx_word' id='word_1_223' title='bbox 2327 3738 2408 3798; x_wconf 27' lang='lat' dir='ltr'><strong>et*</strong></span> <span class='ocrx_word' id='word_1_224' title='bbox 2464 3723 2771 3818; x_wconf 85' lang='lat' dir='ltr'><strong>inquieta</strong></span> 
     </span>
     <span class='ocr_line' id='line_1_29' title="bbox 604 3849 2770 3946; baseline -0.002 -28"><span class='ocrx_word' id='word_1_225' title='bbox 604 3850 1040 3924; x_wconf 86' lang='lat' dir='ltr'><strong>solicitudine</strong></span> <span class='ocrx_word' id='word_1_226' title='bbox 1078 3853 1249 3925; x_wconf 80' lang='lat' dir='ltr'><strong>vitae</strong></span> <span class='ocrx_word' id='word_1_227' title='bbox 1284 3852 1651 3946; x_wconf 83' lang='lat' dir='ltr'><strong>praesentis</strong></span> <span class='ocrx_word' id='word_1_228' title='bbox 1697 3852 1766 3921; x_wconf 91' lang='lat' dir='ltr'><strong>in</strong></span> <span class='ocrx_word' id='word_1_229' title='bbox 1814 3852 2016 3922; x_wconf 86' lang='lat' dir='ltr'><strong>litore</strong></span> <span class='ocrx_word' id='word_1_230' title='bbox 2048 3849 2382 3921; x_wconf 85' lang='lat' dir='ltr'><strong>Massiliae</strong></span> <span class='ocrx_word' id='word_1_231' title='bbox 2417 3849 2770 3921; x_wconf 85' lang='lat' dir='ltr'><strong>destituta.</strong></span> 
     </span>
     <span class='ocr_line' id='line_1_30' title="bbox 604 3966 2770 4068; baseline -0.001 -29"><span class='ocrx_word' id='word_1_232' title='bbox 604 3969 779 4051; x_wconf 81' lang='lat' dir='ltr'><strong>Quae</strong></span> <span class='ocrx_word' id='word_1_233' title='bbox 820 3993 980 4042; x_wconf 90' lang='lat' dir='ltr'><strong>cum</strong></span> <span class='ocrx_word' id='word_1_234' title='bbox 1023 3974 1118 4045; x_wconf 87' lang='lat' dir='ltr'><strong>ita</strong></span> <span class='ocrx_word' id='word_1_235' title='bbox 1160 3976 1326 4059; x_wconf 89' lang='lat' dir='ltr'><strong>sint,</strong></span> <span class='ocrx_word' id='word_1_236' title='bbox 1371 3974 1543 4068; x_wconf 89' lang='lat' dir='ltr'><strong>quid</strong></span> <span class='ocrx_word' id='word_1_237' title='bbox 1583 3996 1698 4045; x_wconf 91' lang='lat' dir='ltr'><strong>me</strong></span> <span class='ocrx_word' id='word_1_238' title='bbox 1740 3994 2030 4065; x_wconf 87' lang='lat' dir='ltr'><strong>segnem</strong></span> <span class='ocrx_word' id='word_1_239' title='bbox 2071 3993 2328 4057; x_wconf 85' lang='lat' dir='ltr'><strong>vocaS,</strong></span> <span class='ocrx_word' id='word_1_240' title='bbox 2376 3993 2534 4042; x_wconf 89' lang='lat' dir='ltr'><strong>cum</strong></span> <span class='ocrx_word' id='word_1_241' title='bbox 2589 3966 2770 4038; x_wconf 90' lang='lat' dir='ltr'><strong>scias</strong></span> 
     </span>
     <span class='ocr_line' id='line_1_31' title="bbox 604 4089 2773 4189; baseline -0 -31"><span class='ocrx_word' id='word_1_242' title='bbox 604 4089 796 4177; x_wconf 90' lang='lat' dir='ltr'><strong>quod</strong></span> <span class='ocrx_word' id='word_1_243' title='bbox 820 4090 952 4162; x_wconf 84' lang='lat' dir='ltr'><strong>iter</strong></span> <span class='ocrx_word' id='word_1_244' title='bbox 978 4116 1210 4167; x_wconf 91' lang='lat' dir='ltr'><strong>meum</strong></span> <span class='ocrx_word' id='word_1_245' title='bbox 1232 4120 1327 4168; x_wconf 82' lang='lat' dir='ltr'><strong>ex</strong></span> <span class='ocrx_word' id='word_1_246' title='bbox 1352 4097 1579 4169; x_wconf 89' lang='lat' dir='ltr'><strong>alieno</strong></span> <span class='ocrx_word' id='word_1_247' title='bbox 1598 4094 1851 4189; x_wconf 85' lang='lat' dir='ltr'><strong>pendet</strong></span> <span class='ocrx_word' id='word_1_248' title='bbox 1877 4092 2207 4167; x_wconf 78' lang='lat' dir='ltr'><strong>arbitrio?</strong></span> <span class='ocrx_word' id='word_1_249' title='bbox 2226 4094 2377 4186; x_wconf 88' lang='lat' dir='ltr'><strong>Ego</strong></span> <span class='ocrx_word' id='word_1_250' title='bbox 2404 4112 2514 4162; x_wconf 92' lang='lat' dir='ltr'><strong>me</strong></span> <span class='ocrx_word' id='word_1_251' title='bbox 2541 4090 2773 4182; x_wconf 91' lang='lat' dir='ltr'><strong>ipsum</strong></span> 
     </span>
     <span class='ocr_line' id='line_1_32' title="bbox 609 4208 2773 4312; baseline 0 -33"><span class='ocrx_word' id='word_1_252' title='bbox 609 4208 729 4280; x_wconf 88' lang='lat' dir='ltr'><strong>tibi</strong></span> <span class='ocrx_word' id='word_1_253' title='bbox 753 4210 1115 4289; x_wconf 89' lang='lat' dir='ltr'><strong>dederam:</strong></span> <span class='ocrx_word' id='word_1_254' title='bbox 1144 4241 1439 4312; x_wconf 79' lang='lat' dir='ltr'><strong>parvum</strong></span> <span class='ocrx_word' id='word_1_255' title='bbox 1468 4217 1753 4311; x_wconf 88' lang='lat' dir='ltr'><strong>quidem</strong></span> <span class='ocrx_word' id='word_1_256' title='bbox 1784 4218 1910 4289; x_wconf 88' lang='lat' dir='ltr'><strong>sed</strong></span> <span class='ocrx_word' id='word_1_257' title='bbox 1938 4225 2350 4311; x_wconf 84' lang='lat' dir='ltr'><strong>perpetuum</strong></span> <span class='ocrx_word' id='word_1_258' title='bbox 2381 4231 2668 4283; x_wconf 89' lang='lat' dir='ltr'><strong>munus:</strong></span> <span class='ocrx_word' id='word_1_259' title='bbox 2700 4223 2773 4280; x_wconf 88' lang='lat' dir='ltr'><strong>tu</strong></span> 
     </span>
    </p>
   </div>
  </div>
 </body>
</html>
