3104 4805
573 406 689 466 358
1235 415 1318 462 ΒΕ.
1363 414 1566 462 nunus
1608 414 2050 465 umuuussus
2124 388 2131 395 ’

571 571 670 634 tat
704 570 1039 653 quantum
1085 557 1419 649 magister
1443 558 1848 631 humilitatis
1876 560 2195 632 Christus
2224 560 2509 631 humilia
2537 582 2722 631 sem·

569 708 691 778 per
738 679 1137 756 amaverit?
1185 683 1272 752 Ut
1318 682 1643 774 equidem
1694 705 1736 753 a
1784 683 2005 776 primo
2055 683 2313 767 ordiar,
2365 706 2460 753 ex
2511 670 2718 776 quam

570 805 809 877 humili
874 803 1106 875 radice
1169 803 1361 876 nasci
1426 805 1644 876 voluit
1709 804 1819 875 ille
1894 804 2096 877 cuius
2158 804 2401 876 faciem
2480 804 2723 883 videre
2812 884 2815 891 ,

574 948 844 997 summa
889 935 961 996 et
1026 927 1171 998 sola
1220 926 1510 998 felicitas
1561 930 1731 998 est‘?
1778 925 1887 997 An
1940 949 2079 998 non
2126 949 2223 998 ex
2287 927 2723 1000 nobilissima

569 1049 877 1142 qualibet
909 1051 1100 1122 nasci
1139 1058 1404 1143 posset,
1451 1052 1564 1121 vel
1606 1049 1969 1122 nobilitare
2011 1075 2224 1144 quam
2263 1054 2473 1122 vellet
2496 1054 2531 1118 ἰ)
2564 1052 2717 1135 Sed,

572 1171 923 1244 nobilitate
955 1182 1362 1265 contempta,
1409 1170 1761 1243 humilitas
1811 1173 2282 1266 quaerebatur.
2310 1171 2589 1261 Egressa
2628 1183 2722 1240 est

573 1297 762 1388 virqa
787 1293 866 1364 de
888 1292 1109 1365 radice
1150 1294 1344 1377 Iesse,
1390 1306 1449 1363 et
1485 1295 1603 1386 llos
1642 1293 1720 1364 de
1754 1295 1977 1366 radice
2015 1299 2155 1367 eius
2181 1293 2490 1376 ascendit,
2521 1295 2720 1366 cuius

575 1416 710 1487 sub
750 1415 996 1488 umbra
1031 1438 1232 1508 reges
1277 1416 1550 1501 sedent,
1597 1419 1833 1510 populi
1877 1419 2350 1512 requiescunt3
2385 1418 2584 1488 cuius
2611 1438 2723 1487 or-

575 1541 681 1611 bis
706 1551 891 1611 totus
924 1539 1134 1611 odore
1174 1538 1495 1611 reficitur.
1533 1542 1872 1625 Quaenam
1899 1564 2072 1613 vero
2098 1541 2300 1613 radix
2324 1543 2456 1613 ista
2484 1542 2671 1611 Iesse
2690 1543 2725 1606 ⁴?

573 1664 794 1747 Quam
840 1662 1166 1757 superba,
1211 1686 1419 1755 quam
1463 1663 1713 1735 nobilis
1737 1666 1775 1732 ‘P
1813 1664 1938 1735 Cui
1974 1665 2160 1735 Ruth
2195 1676 2505 1736 materna
2544 1664 2719 1748 avia,

574 1787 816 1857 mulier
854 1786 1148 1869 advena,
1195 1786 1426 1882 inops,
1469 1785 1711 1870 vidua,
1757 1786 1954 1873 orba,
2002 1810 2277 1859 socrum
2306 1798 2508 1859 extra
2548 1785 2725 1857 fines

572 1908 834 2008 patrios
878 1918 1141 1993 secuta,
1179 1917 1250 1978 et
1289 1920 1447 2000 post
1484 1931 1742 2005 pueros
1783 1931 2133 1982 messores
2188 1910 2257 1980 in
2307 1932 2555 2002 agrum
2594 1911 2727 1982 Bo—

576 2036 738 2105 hom
772 2032 862 2104 ad
901 2030 1274 2124 legendum
1305 2030 1532 2126 spicas
1569 2032 1868 2125 primum
1895 2031 2436 2105 misericorditer
2468 2031 2727 2103 admis-

578 2180 681 2241 sa,
720 2154 971 2228 deinde
1011 2163 1082 2225 et
1119 2155 1476 2225 nocturnis
1516 2178 1796 2249 quoque
1836 2155 2188 2229 blanditiis
2231 2157 2301 2226 in
2343 2156 2563 2251 ipsius
2604 2155 2728 2226 do-

574 2278 739 2349 mini
780 2289 1092 2372 promota
1132 2278 1561 2369 coniugium3
1607 2280 1792 2351 unde
1833 2280 2022 2351 Iesse
2055 2291 2254 2372 pater
2293 2279 2577 2373 prodiit,
2606 2302 2730 2374 per

578 2424 654 2473 se
696 2404 922 2495 ipsum
961 2400 1237 2472 obscuri
1281 2400 1391 2472 vir
1423 2402 1742 2474 nominis.
1780 2405 2016 2498 lpsum
2041 2426 2320 2497 quoque
2356 2407 2547 2476 Iesse
2572 2405 2729 2497 quis

577 2536 840 2608 nosset,
889 2524 1024 2594 nisi
1062 2537 1343 2618 propter
1367 2525 1520 2596 eius
1564 2524 1780 2597 filium
1822 2528 2095 2599 David?
2136 2530 2284 2600 lmo
2308 2529 2734 2621 quisquem-

575 2669 783 2740 quam
825 2654 1065 2717 nosset
1102 2668 1369 2731 eorum,
1415 2647 1547 2718 nisi
1591 2658 1874 2740 propter
1914 2649 2291 2734 Christum,
2331 2673 2425 2720 ex
2450 2647 2731 2726 ,illorum

577 2768 804 2838 radice
840 2776 1240 2858 surgentem
1265 2771 1300 2835 ‘?
1339 2769 1645 2851 Quorum
1688 2769 2023 2859 originem
2064 2781 2399 2860 quantum
2446 2794 2734 2863 sperne-

578 2911 680 2973 re,
723 2899 1119 2982 quantoque
1166 2913 1322 2962 cum
1378 2891 1763 2975 stomacho,
1801 2900 1872 2960 et
1911 2887 2127 2960 filium
2158 2891 2295 2960 lsai
2335 2902 2407 2960 et
2447 2915 2728 2963 servum

580 3034 783 3084 suum
825 3012 1057 3084 dicere
1110 3013 1376 3085 solebat
1424 3014 1574 3108 ipse
1625 3014 1787 3082 Saul
1837 3012 2284 3106 compatriota
2336 3011 2721 3106 superbior,

579 3136 962 3207 novissima
1025 3137 1186 3208 licet
1245 3136 1497 3206 familia
1557 3135 1785 3207 editus
1853 3134 2156 3206 minimae
2209 3135 2429 3206 tribus
2481 3136 2721 3220 Israel,

583 3258 899 3352 quisquis
964 3282 1206 3352 regum
1257 3258 1471 3330 libros
1538 3259 1804 3349 legerit,
1866 3258 2195 3328 inveniet.
2261 3259 2420 3351 Ipse
2482 3258 2726 3342 David,

583 3382 906 3472 quamvis
946 3382 1226 3454 eximiae
1267 3381 1547 3452 virtutis
1588 3393 1797 3475 atque
1837 3381 2245 3452 excellentis
2296 3381 2574 3472 ingenii,
2612 3392 2735 3480 'ta-

588 3526 745 3574 men
793 3506 1349 3578 adolesoentulus
1400 3514 1641 3598 pastor
1690 3514 1868 3589 erat,
1915 3506 2196 3597 quando
2233 3515 2342 3576 est
2379 3507 2642 3576 electus
2693 3528 2734 3577 a

585 3627 896 3714 Domino,
934 3639 1005 3700 et
1038 3629 1356 3702 sublatus
1390 3628 1466 3698 de
1503 3630 1808 3722 yreqibus
1850 3631 2107 3717 ovium,
2142 3639 2221 3700 ut
2261 3629 2411 3723 ipse
2450 3631 2729 3714 fatetur,

585 3760 654 3818 et
685 3749 763 3819 de
798 3756 1244 3844 postfoetantes
1283 3762 1610 3845 acceptus
1645 3751 1714 3821 in
1749 3774 2014 3844 regem,
2061 3752 2254 3845 pavit
2287 3753 2501 3824 Israel
2542 3752 2736 3822 inno-

587 3873 811 3945 centia
848 3876 1082 3947 cordis
1126 3875 1254 3946 sui.
1284 3873 1390 3946 An
1419 3877 1701 3971 Moyses
1744 3877 1918 3946 forte
1960 3874 2267 3959 nobilior,
2313 3874 2592 3967 quando
2632 3872 2738 3943 vi-

591 3995 853 4067 sionem
895 3998 1077 4070 illam
1121 3996 1297 4069 vidit
1335 3998 1487 4069 rubi
1529 3997 1838 4069 ardentis
1878 4008 1947 4067 et
1981 3996 2415 4081 incombusti,
2460 3993 2736 4088 quando

592 4126 690 4188 tot
728 4120 1193 4211 prodigiorum
1241 4122 1457 4213 signis
1501 4122 1885 4193 illustratus
1928 4123 2017 4193 ad
2050 4121 2482 4192 liberandum
2517 4143 2736 4214 popu-

596 4241 730 4309 lum
762 4241 1208 4313 israeliticum
1242 4245 1577 4315 servitute
1610 4246 2035 4340 [Egyptiacffi
2068 4246 2209 4315 Deo
2238 4242 2535 4324 iubente,
2578 4264 2733 4334 pro—
