3104 4805
605 359 723 424 202
1289 372 1371 420 nn
1413 372 1614 420 nanus
1656 372 2097 420 rxuuumnus

603 518 660 587 Ο
708 524 969 610 quanto
1019 513 1251 587 studio
1299 513 1798 585 elaborandum
1848 524 2063 600 esset,
2133 536 2269 585 non
2322 527 2399 586 ut
2448 517 2762 588 altiorem

603 650 882 724 terram,
929 638 1055 710 sed
1096 649 1171 708 ut
1207 639 1428 709 elatos
1465 639 1755 709 terrenis
1796 637 2206 732 impulsibus
2243 640 2592 734 appetitus
2627 640 2763 712 sub

544 803 548 808 ‹
599 763 893 856 pedibus
958 760 1414 831 haberemus!
1473 760 1616 831 Hos
1676 761 1854 831 inter
1905 762 2128 833 nudos
2179 762 2478 856 pectoris
2532 772 2761 834 motus

601 886 751 957 sine
794 907 1010 957 sensu
1054 883 1442 977 scrupulosi
1483 884 1776 955 tramitis
1818 885 1909 955 ad
1948 884 2117 957 illud
2157 885 2603 979 hospitiolum
2645 910 2763 957 ru-

598 1008 872 1093 sticum,
916 1007 1105 1079 unde
1144 1018 1303 1078 ante
1344 1009 1567 1078 lucem
1610 1028 1988 1091 moveram,
2027 1008 2369 1099 profunda
2410 1016 2611 1080 nocte
2651 1031 2762 1079 re—

597 1129 871 1213 meavi;
922 1141 993 1202 et
1040 1132 1203 1201 luna
1253 1151 1523 1224 pernox
1576 1139 1851 1221 gratum
1902 1130 2318 1223 obsequium
2376 1133 2758 1224 praestabat

595 1253 944 1325 euntibus.
986 1252 1267 1324 Interim
1306 1274 1493 1344 ergo,
1538 1253 1707 1324 dum
1746 1255 2042 1325 famulos
2087 1254 2501 1348 apparandae
2532 1277 2756 1327 coenae

595 1377 899 1450 studium
939 1386 1224 1448 exercet
1245 1411 1266 1462 ,·
1317 1379 1507 1448 solus
1546 1396 1682 1468 ego
1722 1375 1793 1445 in
1832 1386 2101 1470 partem
2140 1378 2391 1449 domus
2441 1376 2751 1449 abditam

596 1500 887 1595 perrexi,
931 1500 1083 1571 haec
1121 1499 1245 1570 tibi
1287 1499 1532 1593 raptim
1584 1510 1655 1571 et
1703 1521 1797 1570 ex
1832 1510 2146 1593 tempore
2182 1500 2589 1592 scripturus,
2636 1522 2747 1586 ne,

595 1624 656 1693 si
718 1621 1174 1705 distulissem,
1244 1643 1369 1717 pro
1434 1621 1772 1693 varietate
1828 1625 2136 1694 locorum
2188 1621 2470 1693 mutatis
2520 1623 2756 1693 forsan

593 1742 971 1830 affectibus,
1005 1745 1353 1817 scribendi
1377 1745 1802 1840 propositum
1837 1744 2252 1817 deferveret.
2288 1745 2467 1817 Vide
2498 1745 2753 1838 itaque,

593 1879 792 1963 pater
829 1870 1328 1954 amantissime,
1372 1890 1582 1962 quam
1624 1867 1793 1938 nihil
1833 1868 1905 1936 in
1943 1889 2057 1938 me
2098 1868 2316 1939 oculis
2357 1868 2494 1938 tuis
2528 1869 2759 1939 occul-

593 2004 741 2065 tum
807 1994 1047 2078 velim,
1110 1994 1229 2086 qui
1282 1992 1403 2063 tibi
1452 1991 1713 2063 nedum
1764 1990 2168 2062 universam
2221 1991 2438 2061 vitam
2489 2012 2748 2074 meam,

595 2119 722 2190 sed
761 2117 1106 2209 cogitatus
1150 2116 1465 2208 singulos
1505 2125 1647 2186 tam
1690 2115 2058 2207 diligenter
2105 2114 2362 2209 aperio.
2414 2116 2551 2185 Pro
2600 2113 2756 2206 qui-

593 2241 726 2313 bus
764 2264 905 2325 ora,
950 2261 1222 2333 quaeso,
1267 2250 1344 2310 ut
1385 2238 1650 2310 tamdiu
1693 2240 1853 2331 vagi
1880 2249 1950 2309 et
1976 2237 2353 2323 instabiles,
2383 2235 2756 2331 aliquando

593 2364 1002 2448 subsistant,
1047 2361 1482 2433 et-inutiliter
1521 2383 1647 2455 per
1687 2363 1907 2433 multa
1945 2362 2192 2446 iactati,
2234 2359 2326 2438 ad
2368 2382 2583 2432 unum
2634 2358 2758 2430 bo·

593 2508 777 2569 num,
824 2506 1087 2570 verum,
1131 2494 1415 2569 certum,
1462 2483 1726 2568 stabile,
1773 2505 1850 2557 se
1888 2493 2319 2557 convertant.
2359 2484 2552 2554 Vale.

870 2629 946 2685 VI
984 2629 1106 2684 Kal.
1141 2629 1341 2699 Maias,
1372 2630 1709 2685 Malauceno.

1442 3023 1795 3091 EPISTOLA
1837 3024 1899 3086 Π.

593 3227 978 3278 FRANCISCUS
1000 3226 1336 3275 PETRARCA
1360 3225 1462 3273 Fu.
1486 3220 1780 3271 DIONYSIO
1804 3221 1844 3268 Δ
1865 3218 2074 3268 BURGO
2095 3218 2145 3267 S.
2169 3216 2518 3267 SEPULCHRI
2538 3218 2591 3265 S.
2613 3216 2668 3265 P.
2686 3218 2744 3265 1).

784 3411 1104 3466 Gratulatur
1133 3409 1282 3481 quod
1310 3425 1341 3462 a
1371 3408 1615 3462 Roberto
1646 3406 1797 3476 Rege
1827 3403 2121 3459 accersitus
2150 3403 2309 3456 illum
2341 3401 2566 3470 adierit,

866 3500 1142 3571 huiusque
1170 3497 1364 3553 laudes
1392 3497 1552 3550 effert
1582 3501 1636 3550 et
1666 3495 1844 3568 regias
1868 3495 2099 3548 virtutes
2129 3491 2467 3564 exsequitur.

784 3725 894 3796 Nil
933 3724 1207 3797 dulcius
1250 3720 1611 3793 audierant
1651 3740 1859 3790 aures
1897 3736 2069 3789 meae
2103 3725 2472 3810 postquam
2505 3734 2749 3785 vocem

597 3862 784 3922 tuam
826 3847 1066 3920 audire
1105 3845 1489 3929 desierunt,
1533 3864 1744 3936 quam
1787 3839 1977 3934 quod
2030 3839 2121 3911 ad
2170 3860 2411 3929 regem
2459 3846 2747 3908 vocatus

595 3971 997 4043 accesseris.
1041 3969 1419 4051 Rationem,
1467 3966 1719 4059 inquis,
1749 3973 2063 4059 expecto
2092 3962 2243 4033 Non
2269 3982 2560 4056 possum
2592 3955 2751 4027 bre-

596 4092 808 4173 viter;
857 4093 1092 4184 itaque
1140 4090 1415 4183 longius
1473 4088 1811 4182 incipiam.
1864 4083 2146 4182 Optavit
2206 4079 2574 4176 aliquando
2626 4078 2748 4149 tibi

598 4213 902 4307 genitrix
925 4214 1429 4306 longitudinem
1452 4211 1749 4295 dierum,
1777 4207 2392 4281 innumerabilibus
2421 4203 2746 4300 periculis
