3104 4805
38 2638 47 2887 ,ἰ

1038 414 1567 465 PROLEGOHENON.

75 570 236 626 1348.
281 569 385 623 Die
412 567 483 624 25
512 567 775 638 Ianuarii,
804 568 1131 625 Franciscus
1160 569 1391 625 Veronae
1417 569 1758 624 morabatur.

298 654 401 710 Die
427 654 499 708 13
516 654 720 723 Martii,
743 655 961 709 Verona
988 654 1245 709 Parmam
1265 652 1409 708 redit
1427 659 1481 707 et
1501 652 1805 707 Iohannem
1824 668 2062 723 puerum

368 756 557 807 suum,
589 738 861 809 Raynaldi
887 738 1074 794 schola
1100 737 1377 806 abactum,
1417 735 1663 791 Gilberto
1707 737 2062 806 grammatico

367 823 739 878 erudiendum
769 821 1137 878 commendat.

299 908 402 962 Die
427 908 500 962 23
528 908 732 976 Martii,
764 912 882 962 erat
907 907 964 960 in
994 907 1208 960 itinere.

299 993 403 1048 Die
430 993 468 1048 6
493 993 718 1065 Aprilis.
750 992 897 1046 Dum
923 990 1156 1046 Veronae
1183 996 1454 1059 moratur,
1475 989 1671 1045 Laurae
1698 994 1935 1044 mortem
1956 988 2064 1043 sin-

373 1076 556 1147 gulari
582 1075 755 1129 animi
782 1074 1074 1145 sagacitate
1102 1073 1403 1146 praesentit.

294 1159 398 1214 Die
420 1201 433 1213 .
478 1200 492 1213 .
538 1201 551 1213 .
567 1158 794 1230 Aprilis,
819 1157 1058 1228 Angitur
1085 1156 1154 1211 ob
1187 1162 1422 1211 mortem
1442 1156 1715 1211 Francisci
1742 1157 1810 1211 de
1830 1156 2065 1211 Albizzis

368 1242 764 1313 consanguinei
790 1241 898 1310 sui,
919 1241 1037 1312 qui,
1061 1239 1196 1294 dum
1214 1241 1333 1294 eius
1351 1240 1560 1295 visendi
1580 1241 1753 1311 gratia
1772 1240 1883 1295 iam
1902 1241 2064 1300 Savo·

372 1343 504 1381 nam
532 1330 890 1398 pervenerat,
918 1325 995 1379 ibi
1020 1324 1313 1379 defunctus
1341 1325 1450 1378 vita
1476 1329 1579 1378 est.

297 1411 402 1464 Die
430 1410 501 1464 19
528 1410 675 1478 Maii,
706 1427 772 1464 ex
801 1409 998 1464 litteris
1026 1409 1284 1477 SocratiS,
1307 1409 1520 1464 Parmae
1549 1409 1802 1481 receptiS,
1825 1408 2063 1464 Lauram

373 1493 463 1547 die
491 1493 528 1547 6
555 1493 763 1565 Aprilis
790 1492 1091 1546 decessisse
1120 1492 1289 1546 novit.
1573 1479 1583 1489 ⁴

297 1575 635 1646 Ferrariam,
668 1575 954 1648 Gai-pium,
984 1575 1269 1630 Patavium
1298 1576 1431 1645 adit,
1461 1575 1531 1630 ab
1561 1592 1754 1631 earum
1786 1576 2064 1632 civitatum

374 1659 613 1714 dominis
643 1675 865 1714 summo
895 1659 953 1713 in
978 1658 1189 1714 honore
1218 1658 1455 1714 habitus.

82 1829 243 1884 1349.
287 1828 392 1883 Die
418 1829 490 1884 26
508 1828 706 1883 Martii.
740 1828 1036 1884 Christiani
1055 1836 1111 1884 et
1127 1830 1377 1884 Accursii
1404 1846 1565 1885 casus
1580 1871 1596 1899 ,
1620 1829 1898 1902 huiusque
1921 1847 2067 1886 mor-

368 1919 483 1968 tem
508 1915 677 1984 novit,
708 1919 764 1969 et
789 1915 947 1969 enixe
971 1914 1239 1986 deplorat.

293 1998 443 2053 Dum
462 1997 697 2053 Mantuae
716 2002 985 2066 moratur,
1006 1997 1077 2051 ad
1088 1997 1379 2068 Virgilium
1398 1995 1607 2051 scribit:
1621 1995 1898 2051 Veronam
1907 1995 2063 2067 petit:

368 2081 568 2137 deinde
586 2083 893 2152 Patavium,
909 2082 1065 2137 cuius
1091 2080 1367 2148 Ecclesiae,
1393 2080 1588 2136 Iacobo
1615 2079 1953 2135 Carrariensi
1984 2096 2076 2134 cu-

368 2172 546 2236 rante,
559 2183 703 2222 anno
715 2166 900 2221 forsan
915 2171 1164 2220 anteacto
1175 2164 1484 2220 Canonicus
1498 2164 1853 2219 renunciatus
1868 2162 2063 2219 suerat.

296 2253 503 2307 Parma
528 2250 816 2306 Patavium
844 2250 1148 2304 Iohannem
1178 2248 1355 2303 filium
1385 2264 1575 2303 secum
1605 2247 1836 2302 reducit.

92 2498 244 2554 1350.
283 2498 485 2552 Adstat
535 2496 767 2552 solemni
817 2497 1062 2568 corporis
1114 2497 1171 2552 S.
1213 2494 1437 2551 Antonii
1482 2494 1861 2563 translationi,
1900 2508 2069 2565 quam

369 2581 460 2636 die
478 2579 550 2634 14
562 2579 871 2649 Februarii,
892 2581 1072 2636 Guido
1099 2579 1463 2636 Bononiensis
1481 2578 1788 2634 Cardinalis
1806 2577 2066 2649 Legatus,

374 2666 578 2721 Patavii
606 2665 836 2738 peragit.

301 2750 545 2804 Primam
581 2749 652 2804 ad
694 2749 953 2805 Carolum
980 2750 1056 2804 IV
1098 2750 1242 2820 Aug.
1288 2750 1576 2822 epistolam
1612 2748 1800 2817 mittit,
1829 2765 2069 2821 eumque

375 2833 632 2889 hortatur
661 2839 725 2888 ut
749 2834 987 2889 Romani
1014 2833 1238 2907 Imperii
1264 2831 1588 2904 dignitatem
1617 2832 1886 2887 restituat.

302 2917 405 2972 Die
432 2918 503 2972 12
527 2917 728 2985 Martii,
760 2923 879 2972 erat
903 2918 1155 2973 Veronae.

303 3001 544 3056 Guidoni
580 3001 859 3057 Cardinali
897 3001 1121 3074 Legato,
1150 3001 1340 3056 Padua
1367 3000 1754 3073 proficiscenti,
1783 3016 1960 3071 usque
1996 2997 2068 3054 ad

378 3084 656 3139 Benacum
683 3085 867 3140 lacum
894 3102 954 3140 se
985 3085 1242 3141 comitem
1269 3085 1538 3155 adiungit.

300 3167 522 3223 Transit
548 3185 648 3241 per
674 3169 976 3239 Mantuam,
1006 3175 1062 3224 et
1089 3170 1178 3225 die
1194 3168 1451 3238 281unii‚
1472 3168 1716 3224 Luceriae
1737 3186 1836 3241 per
1850 3173 2067 3224 noctem

373 3252 653 3322 subsistit,
682 3253 777 3308 ubi
804 3270 959 3310 more
986 3254 1208 3310 insolito
1235 3259 1432 3309 coenat.

305 3335 567 3390 Parmam
594 3336 756 3406 redit,
784 3341 842 3391 et
867 3337 1253 3392 Archidiaconi
1285 3336 1609 3409 dignitatem
1638 3343 1853 3406 nactuS,
1884 3336 1973 3392 die
2000 3334 2072 3392 20

375 3418 542 3489 Iunii,
574 3420 693 3475 eius
723 3420 1127 3492 possessionem
1154 3421 1317 3494 capit.

2339 414 2525 464 CXLssl

2149 590 2237 626 Not·
2253 589 2310 637 ⁴5,
2328 588 2407 627 vn.

2147 672 2239 709 Nou
2257 674 2314 710 Π.
2333 672 2409 711 vn.

2149 923 2245 959 Non
2264 922 2322 970 40,
2336 923 2412 961 vu.

2147 1005 2282 1041 sonuit
2331 1007 2425 1089 an*
2464 1008 2546 1056 ω,

2213 1050 2309 1131 321³..
2322 1053 2544 1143 aava-i

2148 1165 2247 1205 ηοω
2265 1165 2304 1214 a,
2323 1166 2380 1215 «a,
2395 1166 2472 1204 vn.

2149 1418 2240 1455 not·
2258 1418 2316 1466 ιε,
2333 1417 2410 1457 vn.

2149 1586 2240 1623 nou
2252 1585 2314 1634 ⁴³,
2331 1584 2410 1622 vn.

2150 1834 2248 1872 uota
2264 1835 2302 1882 2,
2313 1834 2352 1881 ο,
2368 1833 2463 1872 vm.

2151 2001 2296 2039 nond.
2314 2002 2355 2039 Τ.
2371 2003 2408 2051 8,
2429 2011 2467 2047 p.
2485 2001 2542 2039 n.

2154 2091 2246 2128 nou
2264 2091 2322 2139 ⁴5,
2341 2090 2416 2129 vu.

2154 2259 2244 2296 soe·
2263 2259 2323 2305 n,
2339 2256 2416 2296 vn.

2155 2507 2247 2545 Nou
2260 2509 2319 2552 ⁴³,
2337 2506 2394 2545 11.

2153 2760 2244 2798 mou
2258 2761 2294 2807 ι,
2312 2760 2437 2798 xvm.

2151 3010 2201 3046 Do
2212 3005 2295 3089 8⁷0³&
2317 3007 2358 3044 Τ.
2381 3008 2418 3054 8,
2433 3018 2471 3055 p.
2488 3008 2548 3055 ¹1³,

2154 3175 2403 3268 ἕιθέιῖῗῑιι.

2154 3347 2245 3383 uot-
2258 3347 2296 3394 ⁹,
2315 3343 2374 3381 lv.

298 3502 663 3557 Guillelmum
682 3502 751 3559 de
770 3505 1073 3576 Pasti-engo
1091 3505 1304 3575 invitat,
1316 3510 1380 3560 ut
1397 3521 1586 3561 secum
1607 3506 1843 3560 Romam
1858 3504 2072 3560 lubilaei
2157 3514 2221 3559 8⁹-
2245 3512 2341 3549 Μ-
2359 3512 2424 3558 Ιῐῐ,
2438 3511 2496 3550 ⁸⁴·

376 3602 542 3640 causa
569 3586 964 3660 proficiscatur.

302 3668 545 3723 Romam
573 3670 956 3741 proficiscitur.
988 3669 1280 3726 Florentiae
1324 3671 1536 3743 aliquot
1569 3670 1764 3725 diebus
1801 3668 2070 3736 subsistit,

378 3750 531 3806 domi
562 3753 823 3809 Iohannis
852 3755 922 3809 de
951 3754 1224 3811 Certaldo.
1256 3756 1559 3812 Zanobium
1586 3754 1654 3809 de
1674 3756 1877 3823 Strata,
1908 3753 2074 3807 Fran-

378 3835 589 3890 ciscum
614 3837 856 3894 Nellium
885 3845 941 3894 et
968 3838 1230 3896 Iacobum
1258 3840 1339 3895 De
1367 3839 1794 3913 Castiglionchio
1821 3836 2073 3894 amicitiae

377 3919 586 3975 foedere
614 3921 718 3976 sibi
747 3923 944 3995 iungit.

299 4001 404 4057 Die
435 4003 506 4057 15
533 4003 806 4061 Octobris.
830 4006 950 4061 Ictu
970 4008 1101 4079 equi
1128 4025 1300 4080 prope
1319 4008 1636 4064 Vulsinium
1662 4023 1821 4062 crure
1841 4007 2070 4062 laborat.

2158 3558 2247 3594 uot-
2268 3558 2326 3604 ⁴5,
2343 3557 2401 3594 ix.

2159 3679 2251 3717 noe·
2267 3679 2305 3727 ι,
2322 3679 2385 3716 ιι.

2160 4025 2330 4070 anxi.

304 4085 545 4141 Romam
561 4090 829 4159 pervenit.
848 4087 985 4144 Inde
1000 4091 1068 4145 ad
1084 4091 1154 4146 M.
1181 4092 1488 4147 Varronem
1501 4092 1789 4164 epistolam
1809 4090 2018 4159 scribit,
2030 4096 2084 4145 et
2160 4109 2199 4146 r.
2214 4109 2333 4157 xxiv,
2345 4109 2382 4148 ο.

373 4171 601 4227 ineunte
621 4188 812 4227 mense
832 4173 1141 4244 Decembri,
1162 4174 1481 4231 Hetruriam
1502 4192 1695 4231 versus
1713 4173 2036 4245 digreditur.

306 4255 479 4310 Aretii
509 4273 638 4312 cum
665 4258 878 4313 honore
910 4264 1199 4330 exceptus:
1255 4260 1329 4314 ibi
1373 4259 1754 4316 Institutiones
1799 4258 2078 4314 Oratorias

2163 4241 2365 4324 [laignio⁴⁸
2392 4242 2453 4281 vn
2468 4269 2479 4288 ,
2518 4245 2556 4279 et
