3104 4805
524 374 644 434 134
1193 386 1276 435 ΒΕ
1318 385 1521 435 REBUS
1564 385 2010 436 FAulLlAmBUs

1327 647 1681 714 EPISTOLA
1728 649 1866 713 XIV.

761 861 1147 910 rnANclscus
1181 859 1518 909 PETRARCA
1554 858 1819 907 IOHANNI
1854 859 2168 909 commas:
2204 859 2256 908 s,
2296 861 2351 909 r.
2387 862 2448 909 n.

1074 1051 1144 1106 Se
1172 1050 1327 1105 urbis
1355 1050 1548 1105 Romae
1576 1053 1862 1121 aspectum
1887 1053 2131 1121 stupere.

724 1271 837 1344 Ab
874 1270 1047 1343 urbe
1087 1272 1308 1341 Roma
1349 1269 1518 1363 quid
1558 1280 1913 1365 expectet,
1968 1271 2089 1365 qui
2140 1280 2279 1344 tam
2331 1274 2548 1344 multa
2595 1273 2689 1345 de

525 1394 881 1467 montibus
934 1393 1320 1488 acceperit?
1382 1393 1687 1465 Putabas
1741 1416 1853 1465 me
1895 1393 2159 1486 grande
2210 1394 2469 1488 aliquid
2518 1396 2689 1467 seri-

521 1532 822 1614 pturum,
851 1541 1011 1590 cum
1036 1519 1326 1589 Romam
1355 1517 1857 1611 pervenissem.
1887 1519 2142 1611 Ingens
2168 1517 2334 1589 mihi
2360 1520 2593 1590 forsan
2617 1519 2689 1589 in

525 1651 881 1734 posterum
924 1638 1270 1712 scribendi
1305 1639 1596 1713 materia
1631 1638 1863 1713 oblata
1895 1652 2034 1713 est:
2071 1643 2142 1711 in
2174 1663 2487 1737 praesens
2523 1641 2692 1712 nihil

522 1773 633 1835 est
670 1763 859 1857 quod
899 1764 1226 1837 inchoare
1267 1764 1519 1849 ausim,
1566 1764 1900 1836 miraculo
1938 1787 2169 1836 rerum
2223 1776 2573 1837 tantarum
2621 1774 2693 1836 et

524 1888 830 1982 stuporis
894 1890 1074 1960 mole
1136 1887 1450 1960 obrutus.
1520 1888 1748 1959 Unum
1800 1886 1932 1960 hoc
1983 1888 2265 1960 tacitum
2327 1889 2688 1961 noluerim.

526 2013 776 2085 Contra
801 2035 882 2085 ac
910 2022 985 2084 tu
1012 2012 1503 2107 suspicabariS,
1532 2011 1802 2084 accidit.
1840 2012 2126 2084 Solebas
2152 2012 2355 2098 enim,
2388 2013 2688 2097 memini,

524 2159 637 2208 me
687 2160 729 2208 a
778 2134 1127 2206 veniendo
1175 2134 1559 2220 dehortari,
1614 2135 1748 2207 hoc
1796 2113 2100 2207 maxime
2148 2144 2533 2228 praetextu,
2599 2155 2688 2204 ne

529 2262 834 2333 ruinosae
898 2256 1103 2327 Urbis
1154 2267 1468 2348 aspectu,
1523 2256 1731 2327 samae
1781 2278 1921 2328 non
1975 2258 2437 2351 respondente
2489 2265 2696 2349 atque

525 2379 826 2477 opinioni
865 2399 1041 2450 meae
1080 2401 1175 2449 ex
1216 2376 1409 2449 libris
1450 2386 1837 2471 concept-fe,
1882 2379 2094 2452 ardor
2134 2404 2336 2454 meus
2387 2381 2500 2453 ille
2550 2383 2696 2453 len-

527 2511 844 2575 tesceret.
872 2503 1026 2592 Ego
1048 2522 1351 2594 quoque,
1390 2500 1717 2592 quamvis
1751 2500 2104 2574 desiderio
2137 2502 2527 2595 flagrarem,
2556 2525 2695 2574 non

528 2625 790 2696 invitus
829 2621 1256 2708 differebam,
1312 2634 1629 2696 metuens
1671 2646 1757 2695 ne
1797 2625 1988 2717 quod
2037 2627 2187 2718 ipse
2240 2627 2411 2697 mihi
2464 2627 2697 2698 animo

529 2747 900 2831 finxeram,
944 2755 1406 2817 extenuarent
1455 2747 1662 2831 oculi,
1709 2756 1780 2817 et
1819 2747 2091 2837 magnis
2146 2769 2427 2840 semper
2472 2746 2697 2817 nomi-

527 2869 736 2942 nibus
779 2870 1053 2943 inimica
1095 2868 1484 2964 praesentia.
1530 2870 1653 2940 Illa
1693 2889 1864 2939 vero
1910 2868 2186 2961 (mirum
2228 2867 2480 2960 dictul)
2524 2866 2694 2939 nihil

529 2993 904 3079 imminuit,
980 2993 1105 3066 sed
1169 2993 1369 3065 auxit
1431 2992 1683 3063 omnia.
1752 2992 1934 3061 Vere
1999 2988 2216 3061 maior
2266 2988 2394 3059 fuit
2441 2990 2688 3072 Roma,

530 3116 967 3210 maioresque
1012 3128 1174 3188 sunt
1214 3116 1549 3209 reliquiae,
1595 3137 1804 3208 quam
1848 3112 2072 3186 rebar.
2102 3113 2244 3183 Iam
2271 3133 2409 3182 non
2448 3109 2691 3181 orbem

531 3236 623 3309 ab
662 3239 793 3311 hac
832 3238 1006 3311 urbe
1054 3238 1424 3323 domitum,
1481 3238 1610 3310 sed
1660 3247 1803 3310 tam
1854 3258 2016 3310 sero
2066 3234 2409 3309 domitum
2458 3232 2693 3306 miror.

533 3365 726 3437 Vale.

814 3510 1037 3581 Romae,
1066 3509 1257 3567 Idibus
1283 3508 1512 3566 Martiis.
1544 3508 1614 3564 In
1641 3507 1929 3580 Capitolio.
2042 3582 2045 3587 Ι
