3104 4805
586 350 699 413 102
1260 359 1343 409 nn
1388 360 1589 409 nanus
1633 359 2075 409 rAmLmuBUS

583 507 720 591 ubi,
766 528 851 578 ne
892 506 1117 577 dicam
1160 505 1322 575 anni
1362 504 1601 588 unius,
1648 503 1775 577 sed
1814 526 1943 576 nec
1981 506 2120 577 diei
2163 509 2370 579 totius
2409 510 2748 583 certitudo

581 628 1038 726 promittitur?
1071 628 1160 697 Et
1191 626 1380 720 quod
1415 626 1565 719 ipse
1599 637 1825 699 tecum
1857 628 2154 721 cogitas:
2193 630 2362 704 irem
2387 631 2526 703 nisi
2552 655 2737 705 mor-

582 755 669 827 tis
711 753 902 825 adire
940 751 1242 846 pericula
1285 751 1625 848 timerem3
1669 762 1832 824 tunc
1882 752 2119 846 utique
2169 754 2305 826 dici
2354 765 2624 851 posset,
2683 758 2745 829 si

582 876 730 948 sine
764 876 1070 970 periculo
1103 896 1444 946 maneres.
1481 875 1680 947 Nunc
1712 887 1945 948 autem
1979 900 2206 949 nonne
2239 880 2353 950 vel
2386 877 2747 973 repentina

579 1001 936 1086 febricula,
982 1004 1092 1074 vel
1132 999 1347 1096 pestis
1390 1000 1525 1073 alia
1578 999 1714 1094 (est
1762 1001 1949 1072 enim
2000 1002 2438 1075 multiformis
2488 1005 2743 1076 liuma-

579 1148 825 1199 norum
865 1148 1155 1198 casuum
1194 1134 1265 1196 et
1305 1125 1477 1196 mira
1510 1125 1838 1219 varietas)
1883 1126 2097 1198 vitam
2152 1125 2291 1212 tibi,
2332 1149 2541 1220 quam
2586 1128 2735 1220 regi

579 1261 697 1321 tuo
736 1270 979 1340 negas,
1024 1248 1346 1319 fortassis
1389 1246 1677 1342 eripiet?
1726 1248 1899 1332 Quae
1932 1271 2098 1337 ‚cum
2149 1248 2243 1321 ita
2293 1249 2447 1333 sint,
2494 1251 2741 1322 hortor

579 1383 789 1466 atque
828 1371 1139 1453 obsecr0,
1186 1381 1263 1441 ut
1300 1370 1438 1442 iam
1478 1364 1783 1456 tandem,
1822 1382 2030 1464 caput
2063 1373 2405 1457 attollenS,
2442 1370 2740 1443 circum-

578 1494 852 1588 spicias.
895 1491 1185 1565 Videbis
1227 1493 1641 1566 immensam
1682 1497 1935 1565 molem
1988 1495 2197 1567 tantis
2237 1517 2481 1587 regum
2512 1505 2584 1565 et
2615 1516 2739 1587 po-

576 1619 895 1711 pulorum
935 1615 1380 1712 apparatibus
1421 1627 1809 1703 nutantem,
1875 1611 2350 1711 rui'turamque
2397 1640 2535 1711 quo
2581 1640 2738 1690 eam

576 1743 868 1812 fortunae
931 1740 1043 1813 vis
1109 1739 1476 1833 impulerit.
1543 1740 1696 1811 Non
1759 1750 1870 1812 est
1931 1740 2464 1814 dissimulationi
2512 1742 2737 1813 locus:

577 1865 818 1936 hostes
854 1866 952 1936 tui
985 1865 1295 1958 vigilant,
1332 1873 1401 1935 et
1435 1841 1671 1956 regem
1704 1864 1847 1957 iugi
1881 1864 2219 1956 obsequio
2252 1847 2737 1947 circumstant,

577 1989 688 2061 cui
744 1989 803 2061 si
856 1990 1140 2061 victoria
1189 1989 1508 2074 cesserit,
1566 2011 1888 2061 somnum
1938 1999 2134 2060 tuum
2186 1988 2255 2058 in
2308 1997 2496 2060 tanto
2557 2010 2738 2059 nunc

578 2116 730 2187 eius
796 2113 1195 2186 discrimine
1246 2114 1760 2207 contemplanti,
1802 2122 1873 2183 et
1926 2121 2175 2205 praeter
2226 2112 2385 2196 hoc,
2441 2110 2533 2183 ab
2580 2110 2738 2181 olim
2788 2207 2793 2210 .

577 2240 716 2325 tibi,
746 2239 806 2310 si
832 2237 1076 2320 nescis,
1115 2236 1381 2318 infesto,
1419 2235 1589 2329 quid
1623 2236 1815 2306 illum
1850 2235 2058 2307 animi
2095 2234 2491 2308 habiturum
2518 2234 2740 2306 reris?

578 2364 694 2433 Sin
736 2361 935 2433 aliter
976 2357 1398 2431 successerit
1439 2356 1693 2451 (omnia
1732 2357 1917 2428 enim
1960 2369 2141 2431 rotat
2173 2359 2263 2432 ad
2299 2357 2569 2431 libitum
2605 2360 2739 2432 for-

576 2482 786 2574 tuna),
841 2505 928 2552 an
979 2484 1212 2553 forsan
1268 2479 1389 2549 tibi
1439 2502 1533 2549 ex
1584 2481 1909 2574 praesenti
1977 2482 2128 2553 ocio
2179 2483 2617 2555 securitatem
2660 2465 2739 2552 'in

574 2605 687 2674 illo
726 2603 973 2673 ardore
1014 2601 1322 2673 victoriae
1361 2612 1630 2694 partam
1674 2606 1962 2694 speras?
2015 2605 2117 2676 Tu
2166 2625 2337 2675 vero
2387 2627 2527 2676 non
2576 2604 2739 2696 quia

575 2725 903 2809 volueriS,
951 2724 1076 2795 sed
1126 2724 1291 2817 quia
1340 2723 1671 2808 timueris,
1725 2743 2049 2796 cessasse
2101 2723 2476 2809 videberis,
2534 2734 2738 2817 teque

572 2846 957 2919 communis
985 2845 1183 2918 ruina
1201 2869 1359 2918 cum
1386 2845 1840 2917 universitate
1863 2844 2124 2938 pariter
2148 2845 2476 2917 involvet.
2518 2848 2736 2919 Crede

575 2970 760 3056 mihi,
812 2992 975 3063 pars
1027 2981 1318 3063 utraque
1371 2977 1829 3064 spectatorem
1881 2976 1950 3038 te
1999 2967 2393 3039 certaminis
2436 2966 2727 3051 vocabit,

577 3104 892 3186 paratum
926 3095 1016 3167 ad
1048 3096 1341 3167 fortunae
1375 3102 1651 3177 nutum,
1690 3099 1897 3183 atque
1932 3090 2022 3162 ad
2053 3089 2337 3161 victoris
2372 3087 2732 3162 arbitrium
2782 3098 2787 3101 ’

577 3217 1047 3290 circumvolvi.
1116 3221 1216 3289 lta
1280 3238 1627 3309 nusquam
1696 3217 1917 3299 favor,
1971 3212 2277 3306 undique
2328 3214 2731 3307 periculum.

579 3343 979 3415 Meminisse
1019 3343 1353 3437 profuerit
1377 3340 1587 3414 ‘Metii
1641 3340 1841 3412 ducis
1893 3337 2343 3421 Albanorum,
2396 3338 2515 3429 qui
2564 3360 2739 3431 qua-

577 3465 798 3557 drigis
841 3465 909 3535 in
949 3465 1307 3537 diversum
1345 3463 1516 3536 actis
1555 3462 1647 3534 ab
1681 3461 1991 3546 Hostilio,
2029 3462 2497 3531 Romanorum
2538 3481 2735 3551 rege,

581 3592 969 3685 discerptus
1024 3599 1162 3675 est,
1233 3589 1423 3683 quod
1486 3588 1664 3660 inter
1715 3596 2018 3657 armatas
2068 3585 2254 3656 acies
2307 3606 2385 3655 se
2432 3583 2737 3655 medium

582 3713 1023 3806 praehuisset.
1058 3713 1586 3806 Expergiscere,
1623 3733 1762 3798 oro,
1812 3708 2153 3791 velociter,
2198 3717 2271 3777 et
2306 3707 2471 3779 dum
2512 3706 2740 3779 adhuc

584 3845 856 3929 tempus
885 3846 1020 3921 est,
1060 3824 1454 3929 neglectum
1475 3835 1812 3907 hactenus
1841 3832 1931 3904 ad
1957 3830 2255 3904 officium
2284 3829 2455 3902 redi.
2483 3830 2740 3902 Mundo

585 3957 769 4026 enim
834 3970 1197 4044 tremente,
1267 3960 1593 4043 dormire,
1650 3958 1883 4031 nescio
1940 3955 2109 4050 quid
2157 3954 2363 4028 morti
2414 3953 2735 4039 similiuS,

589 4099 793 4168 quam
839 4084 1064 4175 sopori
1106 4094 1234 4154 est.
1277 4083 1467 4153 Vale.

1594 4244 1601 4247 ,
1640 4244 1748 4251 4--ς
