3104 4805
569 335 684 396 186
841 351 850 360 ·
1239 350 1321 397 ne
1363 348 1566 398 annus
1608 349 2052 430 affluamus

566 496 854 580 accidit,
886 496 1182 568 consilio
1238 516 1393 567 meo
1446 497 1665 570 ludar.
1734 497 1874 570 Sed
1936 496 2074 568 iam
2140 498 2311 569 satis
2367 517 2721 594 superque

563 621 1003 712 querelarum
1044 629 1177 704 est,
1233 619 1366 691 nisi
1404 619 1595 714 quod
1633 621 1725 693 ad
1766 619 2095 694 ultionem
2139 622 2375 707 tend0,
2430 632 2504 696 et
2553 625 2723 698 taci-

564 745 962 815 turnitatem
1027 754 1213 814 tuam
1286 744 1702 837 loquacitate
1763 744 1997 837 punio.
2067 743 2156 816 Ut
2218 767 2391 817 vero
2457 746 2722 841 aliquid

562 866 768 939 etiam
833 865 1268 937 familiarium
1334 889 1660 940 curarum
1730 868 1893 939 huic
1951 867 2263 963 epistolae
2323 869 2715 955 includam,

562 1010 805 1084 quaeso
843 1010 932 1059 ne
974 989 1209 1084 pigeat
1248 989 1437 1084 apud
1482 1011 1922 1062 communem
1963 991 2318 1063 dominum
2364 1014 2489 1086 pro
2536 994 2718 1065 felici

563 1135 797 1185 rerum
839 1135 1150 1185 mearum
1190 1112 1386 1184 exitu
1426 1112 1874 1185 intercedere.
1917 1115 2107 1187 Vooo
2146 1123 2380 1187 autem
2422 1114 2719 1207 quemli-

563 1234 682 1308 het
718 1233 1013 1318 felicem,
1056 1233 1268 1306 modo
1306 1233 1557 1328 aliquis
1608 1234 1717 1306 sit.
1761 1235 2059 1307 Multum
2096 1245 2229 1322 est,
2267 1240 2493 1320 frater,
2532 1257 2718 1308 vana
2854 1299 2859 1302 .

562 1356 1043 1451 expectatione
1081 1355 1381 1427 liberari.
1437 1357 1771 1449 Ignorant
1821 1357 2140 1430 homines
2190 1357 2357 1452 quid
2393 1356 2565 1430 lucri
2603 1366 2717 1430 est

566 1499 1001 1571 supervacua
1035 1487 1109 1549 et
1143 1475 1410 1550 infinita
1447 1476 1798 1550 desideria
1833 1479 2228 1572 proiecisse.
2278 1477 2555 1551 Perdita
2602 1500 2717 1551 sa-

439 1621 446 1630 ·
568 1599 753 1685 tiant,
786 1622 1114 1693 possessa
1138 1601 1448 1673 cruciant
1476 1601 1888 1674 miserorum
1916 1601 2203 1687 animos,
2229 1601 2545 1696 pluribus
2573 1602 2718 1675 ina-

563 1721 772 1795 nibus
811 1744 1022 1816 quam
1064 1723 1301 1797 solidis
1361 1734 1767 1820 occupatos;
1834 1736 1904 1797 et
1971 1725 2186 1818 (tanta
2251 1735 2361 1798 est
2424 1725 2714 1821 insania)

562 1846 891 1919 extricari
928 1847 1017 1920 ab
1055 1848 1431 1934 erroribus,
1469 1859 1546 1920 ut
1581 1848 1700 1923 fiat
1733 1872 1900 1923 vero
1932 1852 2145 1935 locuS,
2183 1857 2519 1932 metuunt,
2550 1849 2717 1920 dum

565 1970 698 2045 sibi
747 1992 1120 2068 prosperos
1161 1995 1390 2047 rerum
1441 1974 1961 2069 praegrandium
2007 1974 2243 2047 exitus
2290 1973 2715 2070 pollicentur.

566 2095 710 2167 Sibi
751 2096 1008 2192 quippe
1048 2099 1397 2189 placentes
1441 2119 1522 2170 ac
1564 2097 1872 2192 superbi,
1914 2107 1985 2170 et
2022 2097 2239 2192 iniqui
2280 2118 2516 2168 rerum
2557 2118 2719 2168 sua—

567 2242 723 2291 rum
789 2218 1085 2303 iudiceS‚
1143 2219 1391 2311 dignos
1437 2240 1516 2290 se
1565 2219 1946 2306 finxerunt,
2015 2221 2272 2315 quibus
2320 2220 2409 2292 ad
2474 2232 2719 2292 nutum

568 2341 898 2414 universa
939 2339 1409 2413 succederent.
1448 2340 1574 2427 Ita,
1612 2342 1801 2436 quod
1831 2341 1902 2414 in
1935 2344 2270 2419 amatoria
2301 2343 2590 2417 materia
2613 2341 2720 2415 di-

566 2463 673 2534 xit
710 2464 923 2535 Naso:

878 2641 1037 2703 Dum
1070 2639 1186 2704 sibi
1218 2643 1479 2723 quisque
1510 2642 1731 2724 placet,
1766 2630 2008 2707 credula
2042 2646 2220 2708 turba
2252 2659 2501 2721 sumuS,

564 2838 702 2908 iam
727 2836 1034 2910 medium
1053 2838 1221 2912 vitae
1247 2839 1633 2913 communis
1668 2842 1805 2910 late
1838 2840 2198 2912 delirando
2230 2839 2714 2934 perduximus,

565 2960 654 3032 Ut
700 2959 886 3031 enim
935 2962 1293 3055 eleganter
1344 2986 1387 3035 a
1436 2963 1655 3035 Tullio
1704 2962 1965 3033 dictum
2014 2971 2146 3046 est,
2204 2959 2455 3033 Metelli
2496 2973 2718 3054 sperat

564 3083 830 3176 quisque
868 3085 999 3157 sibi
1030 3090 1409 3181 fortunam!
1457 3086 1642 3170 Quot
1680 3092 1912 3157 autem
1963 3084 2033 3154 in
2073 3086 2207 3158 hac
2245 3082 2552 3157 vanitate
2590 3083 2718 3154 fal-

568 3209 830 3293 luntur,
899 3208 1038 3283 imo
1095 3228 1263 3283 vero
1325 3232 1537 3303 quam
1588 3208 1817 3303 pauci,
1871 3228 2079 3302 quam
2131 3229 2333 3302 paene
2370 3206 2539 3279 nulli
2580 3227 2718 3277 non

565 3332 923 3404 falluntur!
969 3331 1141 3404 Hinc
1179 3332 1339 3405 licet
1375 3333 1768 3416 advertere,
1812 3333 2032 3425 quod,
2079 3332 2138 3403 si
2180 3341 2498 3404 veterum
2552 3328 2724 3403 scri-

569 3463 845 3549 ptorum
888 3453 1284 3527 testimonio
1312 3464 1608 3539 stamuS,
1638 3475 1734 3526 ex
1757 3452 2082 3526 omnibus
2112 3452 2390 3526 saeculis
2417 3451 2586 3525 felix
2610 3451 2723 3522 ille

569 3577 887 3651 Metellus
926 3575 1201 3649 nonnisi
1241 3577 1523 3649 unicum
1556 3577 1900 3661 comitem,
1953 3597 2255 3671 eumque
2302 3576 2534 3670 ipsum
2584 3597 2724 3647 non

571 3700 787 3787 domi,
829 3701 953 3774 sed
993 3702 1230 3796 procul
1269 3711 1344 3774 et
1379 3711 1585 3773 extra
1625 3700 1840 3772 Italiae
1876 3701 2222 3787 terminoS,
2253 3699 2505 3772 dicitur
2529 3698 2727 3771 inve-

571 3822 794 3895 nisse:
845 3824 965 3919 qui
1014 3834 1244 3896 tamen
1296 3823 1428 3917 ipsi
1492 3846 1706 3919 quam
1770 3824 1898 3895 rite
1963 3823 2303 3897 felicitatis
2344 3822 2478 3895 hoc
2523 3822 2726 3894 inane

571 3966 826 4016 nomen
867 3948 1384 4040 usurpaverint,
1432 3950 1624 4019 locus
1666 3948 1795 4020 iste
1835 3969 1973 4020 non
2016 3947 2285 4043 recipit,
2329 3957 2402 4018 et
2433 3947 2725 4017 fortasse

573 4062 761 4137 aliud
800 4067 1075 4142 dicendi
1117 4071 1389 4166 tempus
1428 4069 1780 4143 adveniet.
1822 4071 2022 4142 Nunc
2058 4070 2158 4164 (ut
2189 4078 2493 4165 coeptum
2525 4089 2726 4160 pera-

575 4187 768 4279 gam)
814 4188 892 4272 si,
936 4191 1125 4283 quod
1163 4213 1404 4265 omnes
1442 4204 1745 4287 sperant,
1782 4195 2013 4265 nullus
2048 4191 2476 4286 assequitur,
2511 4211 2722 4284 quam
