3104 4805
623 356 738 418 212
1292 368 1373 417 ns
1415 368 1617 416 nunus
1660 367 2101 415 mummulus

1458 634 1809 699 EPISTOLA
1855 632 1917 696 V.

674 837 1056 887 FRANCISCUS
1089 836 1423 885 PETRARCA
1458 835 1724 883 IOHANNI
1757 835 2069 884 COLUMNAE
2105 834 2445 884 CARDINALI
2477 837 2528 885 S.
2566 837 2622 884 P.
2659 838 2720 885 D.

812 1026 892 1080 De
920 1027 1099 1081 Roma
1125 1041 1238 1097 prae
1266 1024 1490 1078 Parisiis
1516 1023 1743 1079 ferenda
1770 1023 2061 1078 consilium
2087 1022 2253 1078 habet
2279 1027 2578 1095 acceptum.

820 1247 1195 1319 Consilium
1238 1257 1429 1317 tuum
1465 1267 1604 1317 non
1652 1253 1914 1316 tantum
1962 1243 2296 1338 suscipio,
2347 1245 2471 1317 sed
2515 1247 2775 1340 ample—

631 1380 806 1444 ctor:
850 1367 1293 1461 magnificum
1320 1377 1431 1439 est
1455 1368 1668 1452 enim,
1714 1378 1969 1460 tuaque
1998 1366 2336 1460 sapientia
2353 1378 2424 1438 et
2455 1366 2775 1438 humani-

626 1505 767 1567 tate
805 1490 1314 1582 dignissimum.
1351 1489 1494 1562 Nec
1534 1512 1646 1560 me
1690 1498 1905 1561 terret
1951 1490 2139 1581 quod
2179 1489 2422 1583 patriae
2463 1490 2561 1561 sis
2602 1489 2772 1561 ami-

596 1609 778 1698 ⁴cus;
836 1635 915 1685 es
979 1613 1165 1684 enim
1216 1612 1499 1685 amicior
1551 1612 1849 1684 veritati.
1895 1612 2016 1683 Ibo
2057 1636 2197 1707 quo
2237 1612 2459 1684 iubes.
2502 1613 2571 1683 Si
2612 1612 2770 1705 quis

624 1737 1027 1810 electionem
1089 1739 1264 1807 forte
1329 1735 1716 1822 mirabitur,
1784 1736 2081 1807 rationes
2149 1736 2479 1830 primum,
2523 1733 2771 1806 deinde

623 1861 831 1933 etiam
869 1883 1120 1932 nomen
1163 1871 1358 1932 tuum
1400 1859 1811 1931 mirantibus
1855 1858 2190 1931 obiiciam.
2235 1859 2437 1952 Saepe
2475 1857 2773 1930 auctori-

628 1994 733 2055 tas
775 2005 900 2079 pro
926 1982 1204 2078 ‘ratione
1246 1981 1641 2077 suscipitur.
1684 1982 1762 2053 Id
1805 1982 2010 2053 modo
2044 1980 2303 2073 negotii
2345 1991 2581 2066 restat,
2619 1980 2773 2074 qui-

623 2106 759 2178 hus
825 2128 933 2176 me
997 2105 1230 2178 verbis
1280 2127 1615 2176 excusem
1657 2104 1960 2177 Roberto
2024 2125 2210 2189 me0,
2282 2112 2359 2175 ut
2423 2125 2561 2174 non
2626 2102 2772 2197 ipse

628 2239 923 2314 tantum,
965 2227 1077 2300 cui
1120 2227 1478 2299 nobiscum
1512 2228 1707 2299 facile
1738 2229 2129 2314 conveniet,
2177 2227 2304 2301 sed
2342 2227 2457 2299 illa
2488 2248 2768 2321 quoque

626 2353 871 2444 ingens
908 2349 1354 2435 universitas,
1392 2349 1450 2421 si
1486 2350 1661 2421 forte
1688 2373 1800 2422 res
1827 2352 1897 2421 in
1924 2353 2147 2423 lucem
2174 2350 2471 2436 venerit,
2517 2351 2771 2422 factum

627 2470 760 2542 sihi
794 2471 964 2541 satis
992 2471 1365 2543 existimet.
1402 2472 1537 2543 Sed
1568 2472 1657 2545 de
1684 2472 1792 2544 his
1820 2497 2051 2546 eoram
2076 2458 2303 2548 lat'ius.
2338 2474 2565 2548 Audio
2589 2476 2772 2546 enim

625 2594 854 2685 ipsum
895 2593 1273 2664 adventare
1316 2616 1400 2665 eo
1441 2595 1808 2688 proposito,
1854 2608 1929 2667 ut
1979 2619 2092 2668 me
2140 2598 2480 2670 Parisium
2524 2598 2771 2670 trahat.

626 2714 828 2801 Quod
872 2715 931 2786 si
971 2715 1065 2787 ita
1101 2726 1238 2801 est,
1276 2738 1386 2786 res
1431 2716 1609 2785 inter
1648 2727 2026 2810 praesentes
2064 2720 2508 2809 transigetur.
2552 2719 2665 2790 Ad
2704 2719 2777 2790 id

632 2859 801 2910 sane
865 2838 1053 2931 quod
1118 2837 1187 2908 in
1252 2837 1389 2908 fine
1438 2837 1822 2909 litterarum
1864 2849 2138 2910 tuarum
2179 2861 2275 2910 ex
2314 2862 2425 2911 me
2465 2842 2724 2932 quaeris
2752 2897 2768 2925 ,

626 2960 846 3033 donec
884 2961 1005 3032 diu
1046 2983 1192 3031 rem
1230 2983 1389 3032 cum
1430 2958 1659 3031 animo
1709 2981 1863 3030 meo
1913 2970 2229 3044 tractem,
2285 2960 2418 3031 nisi
2467 2960 2770 3032 fabulam

634 3094 875 3155 texere
941 3085 1254 3169 voluero,
1318 3081 1743 3176 respondere
1792 3083 2052 3176 aliquid
2090 3104 2228 3153 non
2278 3105 2590 3177 possum.
2638 3083 2768 3153 Pe-

630 3204 905 3298 regrina
976 3204 1263 3276 historia
1335 3205 1506 3276 meis
1584 3203 1897 3275 moribus
1975 3214 2133 3288 est,
2207 3215 2315 3289 et,
2391 3203 2581 3297 quod
2658 3225 2774 3275 me

629 3330 791 3415 huic
863 3329 1377 3421 interrogationi
1448 3327 1948 3399 alienissimum
2023 3329 2182 3400 facit
2216 3386 2232 3415 ,
2314 3350 2604 3423 prorsus
2672 3329 2779 3401 di-

631 3476 864 3528 versae
904 3476 1014 3525 me
1056 3434 1330 3525 interim
1369 3462 1834 3524 exercuerunt
1870 3474 2085 3536 curae,
2131 3475 2518 3547 verumque
2559 3463 2671 3525 est
2699 3454 2779 3522 il-

631 3581 753 3652 lud
792 3580 1315 3653 Sallustianum:
1356 3578 1472 3647 ubi
1513 3576 1870 3647 intenderis
1908 3579 2250 3670 ingenium
2283 3579 2476 3648 valet.
2520 3578 2776 3647 Praete-

632 3682 752 3776 rea
815 3704 1097 3798 antiqua
1163 3724 1275 3773 res
1343 3712 1480 3785 est,
1551 3712 1621 3773 et
1686 3724 1728 3774 a
1794 3700 2123 3773 memoria
2186 3722 2342 3772 mea
2409 3702 2778 3771 multorum

633 3846 972 3898 annorum
1014 3824 1236 3919 spatio
1271 3836 1555 3895 remota.
1602 3825 1864 3917 Itaque,
1933 3834 2011 3893 ut
2072 3823 2166 3894 ait
2227 3825 2543 3895 Plautus:
2587 3824 2784 3910 lonqa

648 3942 783 4014 dies
818 3950 1113 4017 animum
1151 3948 1427 4017 incertat
1464 3968 1699 4016 meum.
1744 3946 1881 4017 Sed
1918 3945 2008 4017 de
2050 3945 2180 4017 hoc
2220 3945 2428 4018 etiam
2468 3962 2779 4036 praesens
2887 3996 2900 4001 h

625 4027 903 4158 loquar.
948 4070 1139 4139 Vale.

908 4209 995 4263 Ad
1022 4211 1231 4293 fontem
1258 4212 1462 4283 Sorgiae
1478 4253 1493 4280 ‚
1526 4213 1561 4268 Ι
1563 4212 1608 4265 V
1641 4212 1772 4267 Idus
1800 4212 2106 4283 Septemhr.
