3104 4805
644 367 722 416 XC
1402 362 1927 412 PROLEGOMENON.

633 511 730 581 Ep.
770 509 859 564 11.
898 510 1155 564 AuAmro
1183 507 1491 563 Comama.
1511 538 1583 548 —
1600 508 1695 562 Ad
1719 524 1938 563 coenam
1964 512 2308 580 expectatus.

946 602 1086 670 Ary.
1129 600 1327 653 Secum
1353 603 1627 652 coenatum
1654 597 1861 652 invitat.

632 689 730 761 Ep.
774 689 860 743 12.
902 689 1145 744 ΙοΗΑΝΝι
1173 688 1463 744 manuus.
1488 686 1817 741 Cfflniusm.
1838 716 1909 727 -
1931 686 2455 756 Peropportunum.

944 777 1086 846 Ary.
1111 776 1180 831 Se
1199 774 1268 829 ad
1286 776 1526 830 Montem
1546 773 1871 846 Caprarum,
1883 790 2048 845 quem
2066 772 2346 843 describit,
2363 774 2690 846 pervenisse.

634 866 731 937 Ep.
771 866 858 919 13.
901 865 1145 920 lonium
1176 864 1467 920 Commune
1493 863 1822 918 CARmNAm.
1844 895 1915 905 -
1933 864 2007 919 In
2036 866 2140 919 hoc
2167 881 2305 918 ecee.

948 957 1089 1026 Ary.
1130 954 1209 1008 De
1236 954 1377 1009 Urso
1406 953 1616 1008 Comite
1633 953 1989 1025 Anguillariae
2003 994 2018 1022 ,
2041 959 2095 1008 et
2113 953 2182 1007 de
2201 954 2409 1025 Agnete
2429 952 2696 1008 Columna

1018 1061 1189 1100 uxore
1215 1044 1351 1099 eius.

635 1134 732 1207 Ep.
772 1136 860 1189 14.
901 1135 1143 1191 ΙοΗΑΝΝι
1174 1133 1466 1189 Comitum
1492 1131 1823 1186 Cannium.
1846 1162 1917 1172 —
1934 1133 2022 1187 Ab
2047 1134 2188 1187 urbe
2215 1133 2419 1187 Roma.

946 1225 1089 1296 Ary.
1130 1224 1200 1278 Se
1226 1223 1382 1278 urbis
1410 1223 1603 1277 Romae
1629 1222 1950 1294 adspectum
1977 1226 2216 1294 stupere.

635 1315 732 1387 Ep.
772 1315 860 1369 15.
902 1315 1144 1370 Ionium
1173 1312 1463 1369 Cominus
1488 1311 1820 1366 cinomiam.
1843 1342 1914 1352 —
1932 1312 2083 1367 Sunt
2109 1312 2212 1382 qui
2236 1312 2648 1366 Romanorum.

946 1405 1087 1476 Ary.
1130 1402 1429 1458 Iohannam
1464 1408 1519 1456 et
1555 1402 1822 1472 Agnetem
1868 1417 2085 1456 sorores
2129 1400 2276 1455 illius
2311 1399 2696 1455 illustrioribus

1018 1491 1353 1563 antiquitatis
1381 1491 1646 1546 matronis
1672 1507 1792 1546 esse
1820 1490 2232 1563 comparandas.

1499 1677 1713 1740 LIBER
1756 1677 1844 1739 lll.

638 1848 733 1920 Ep.
808 1849 861 1903 1.
902 1849 1129 1904 Trionis
1154 1849 1531 1904 Mssssnssusl.
1551 1878 1621 1889 -
1641 1847 2098 1903 Perambulanti.

950 1938 1091 2007 Ary.
1130 1935 1211 1990 De
1237 1937 1345 1991 situ
1373 1937 1568 1991 insulae
1595 1936 1746 1992 Tulae
1773 1953 1869 1992 seu
1897 1936 2061 2007 Tylae.

638 2027 736 2098 Ep.
810 2025 863 2079 2.
904 2025 1124 2081 Tuom
1148 2024 1523 2078 MsssANsusr.
1549 2053 1622 2064 —
1643 2025 1796 2089 Quid
1821 2025 1897 2079 ad
1926 2025 2146 2080 litteras
2173 2031 2320 2080 tuas.
2358 2011 2366 2022 ⁴

951 2115 1091 2184 Arq.
1133 2112 1361 2167 Frustra
1388 2129 1550 2167 curas
1579 2114 1868 2169 hominum
1897 2116 2123 2186 longum
2149 2115 2206 2168 in
2233 2130 2411 2168 aevum
2435 2111 2702 2185 protendi.

641 2206 737 2278 Ep.
813 2204 866 2259 3.
906 2204 1210 2259 Srnpmuo
1238 2201 1529 2257 Commius.
1556 2215 1798 2257 mmom.
1821 2232 1892 2242 —
1912 2202 2160 2257 Potuisti
2184 2203 2292 2256 vir.

953 2294 1093 2364 Ary.
1136 2291 1400 2345 Hortatur
1425 2296 1489 2345 ut
1515 2289 1776 2358 victoriae,
1798 2306 1964 2361 quam
1987 2290 2055 2345 de
2073 2290 2287 2344 Ursinis
2304 2290 2448 2357 tulit,
2468 2289 2706 2343 fmctum

1026 2397 1135 2436 non
1165 2380 1395 2434 amittat.

641 2472 737 2543 Ep.
811 2470 864 2524 4.
905 2471 1210 2525 Srsrnmo
1240 2467 1531 2524 Cosmum
1558 2482 1800 2524 mmom.
1823 2500 1894 2510 —
1914 2470 1997 2525 De
2023 2470 2287 2524 universo
2314 2484 2535 2522 rerum.

954 2559 1096 2628 Ary.
1138 2556 1217 2611 De
1243 2557 1484 2611 carmine
1512 2557 1694 2612 italico
1721 2557 1791 2612 ad
1816 2574 1946 2613 eum
1973 2557 2172 2627 misso,
2207 2563 2262 2612 et
2284 2558 2391 2612 alio
2426 2556 2575 2629 quod
2602 2557 2709 2611 sin-

1023 2646 1201 2717 gulari
1227 2647 1346 2715 lege
1374 2646 1738 2719 compositum
1766 2662 1826 2702 se
1852 2647 2083 2702 dictasse
2110 2645 2380 2717 poenituit.

641 2738 738 2810 Ep.
812 2737 865 2790 5.
906 2737 1211 2792 Smpmuo
1240 2735 1531 2792 Gonnum:
1557 2751 1799 2791 mmom.
1821 2766 1893 2777 —
1912 2736 2174 2791 Postulas
2202 2736 2307 2790 tibi
2331 2740 2564 2791 statum.

955 2826 1096 2898 Ary.
1144 2826 1507 2881 Solitudinem
1534 2843 1647 2882 non
1674 2843 1786 2883 una
1811 2826 2056 2881 oratione
2083 2824 2431 2881 laudandam.

644 2917 739 2988 Ep.
814 2916 867 2971 6.
909 2916 1213 2971 ΞΤΕΡΗΑΝΟ
1242 2915 1535 2972 comunis
1563 2930 1802 2972 mmom.
1824 2947 1895 2957 —
1916 2916 2068 2982 Quid
2097 2914 2160 2968 in
2188 2914 2515 2985 quaestione.

959 3004 1101 3074 Arq.
1143 3003 1436 3059 Summum
1464 3004 1674 3059 bonum
1702 3003 1760 3059 in
1784 3005 2069 3058 honestate
2096 3003 2281 3057 situm.

646 3092 742 3165 Ep.
818 3091 870 3146 7.
912 3090 1015 3145 Fa.
1044 3091 1319 3146 DIONYSIO
1347 3106 1381 3146 Α
1405 3091 1604 3146 Buneo
1625 3092 1680 3146 S.
1705 3093 2049 3147 Sspuccum.
2069 3121 2140 3131 —
2161 3090 2431 3156 Quamvis
2448 3107 2564 3145 non
2581 3092 2708 3145 sim.

959 3181 1102 3250 Ary.
1152 3179 1578 3234 Moderationem
1616 3179 1785 3234 animi
1830 3180 2026 3252 cuique
2073 3180 2410 3252 probandam
2425 3221 2441 3249 ,
2486 3197 2714 3252 eamque

1029 3266 1267 3320 maxime
1293 3266 1632 3321 suadendam
1659 3267 1809 3338 regi.'

650 3357 746 3429 Ep.
822 3356 873 3411 8.
915 3356 1000 3409 An
1028 3368 1303 3410 muoruu.
1325 3386 1396 3397 —
1413 3357 1776 3412 Abiiciamus
1803 3374 1922 3412 oro.

961 3443 1101 3514 Arg.
1144 3442 1258 3498 Nec
1292 3444 1361 3499 de
1398 3447 1691 3517 prmteritis
1728 3454 1990 3504 moestum
2027 3463 2128 3502 nec
2163 3447 2232 3502 de
2256 3447 2459 3502 futuris
2495 3445 2713 3501 anxium

1033 3534 1349 3606 quempiam
1375 3551 1495 3591 esse
1523 3536 1742 3592 dehere.

653 3627 748 3699 Ep.
823 3625 876 3679 9.
917 3626 1002 3679 An
1029 3638 1305 3680 mum-tm.
1326 3657 1397 3667 —
1421 3627 1596 3682 Taceo
1625 3645 1755 3699 quoe
1785 3628 2073 3682 adversus.

962 3717 1106 3787 Arq.
1144 3715 1225 3771 De
1252 3716 1529 3773 ebrietatis
1557 3716 1916 3772 incommodis
1940 3721 1995 3770 et
2020 3712 2306 3786 vituperio.

656 3807 753 3878 Ep.
792 3808 882 3862 10.
924 3808 1158 3863 Usssnro
1187 3807 1485 3863 Dmnmo
1513 3808 1850 3862 Vmuussusl.
1873 3836 1942 3847 —-
1961 3805 2131 3861 Fides
2156 3804 2468 3859 silentium.

969 3895 1112 3966 Ary.
1157 3895 1421 3951 Hortatur
1447 3895 1516 3951 ad
1544 3895 1753 3951 bellum
1789 3893 2051 3948 adversus
2085 3893 2294 3964 Anglos
2320 3908 2419 3963 pro
2443 3905 2570 3961 rege
2596 3888 2716 3944 Gal·

1040 3984 1238 4038 liarum
1266 3986 1587 4056 gerendum.

658 4066 737 4137 Ep
794 4066 882 4119 11.
925 4066 1169 4123 Gmnom
1199 4071 1500 4127 Gonnum.
1522 4101 1594 4111 —
1612 4071 1825 4141 Mayna
1847 4085 2091 4141 prorsus
2118 4066 2352 4122 amoris.

974 4156 1114 4229 Ary.
1157 4158 1454 4215 Hominum
1482 4159 1822 4215 conditiones
1847 4159 1899 4212 vi
1925 4157 2128 4213 amoris
2155 4153 2376 4225 aequari.
