3104 4805
963 363 1147 412 LIBER
1188 365 1435 413 PRIMUS.
1460 383 1539 395 —
1559 365 1865 413 EPISTOLA
1906 366 1985 412 lv.
2464 353 2537 413 47

398 509 609 605 aiunt)
638 508 1059 581 cadaverum
1086 510 1562 602 expultricem.
1592 510 1752 581 Vidi
1780 511 2214 604 Capitolium,
2246 512 2543 605 effigiem

397 633 642 716 nostri;
678 632 814 705 nisi
848 631 1038 724 quod
1070 654 1196 724 pro
1231 643 1476 705 senatu
1511 633 1648 704 illic
1687 633 1877 726 pacis
1919 657 2001 705 ac
2050 635 2210 705 belli
2259 635 2547 707 consilia

396 758 726 849 agitante,
764 755 877 826 hic
909 756 1194 827 formosi
1229 755 1522 828 iuvenes
1560 779 1641 828 ac
1673 760 1923 851 puellae
1959 757 2227 828 mixtim
2270 770 2543 832 noctur-

399 903 525 953 nas
562 880 804 977 laudes
834 881 978 950 Deo
1012 879 1382 951 concinunt
1406 891 1669 952 aeterna
1694 880 2093 953 concordia:
2123 881 2216 952 ibi
2243 893 2546 954 rotarum

398 1015 470 1075 et
502 1025 852 1077 armorum
889 1003 1245 1095 strepitUS,
1284 1026 1364 1074 ac
1399 1003 1697 1093 gemitus
1725 1005 2181 1096 captivorum3
2208 1005 2324 1076 hic
2348 1006 2548 1099 quies

398 1139 473 1201 et
503 1127 855 1219 gaudium,
894 1136 965 1198 et
997 1125 1367 1198 iocantium
1402 1149 1617 1198 voces
1646 1151 1661 1207 ;
1713 1126 2016 1220 denique
2046 1129 2206 1200 illuc
2230 1128 2544 1213 bellicuS,

403 1251 539 1325 huc
562 1247 888 1343 pacificus
917 1248 1373 1341 triumphator
1398 1249 1805 1340 ingreditur.
1836 1250 1995 1322 Vidi
2021 1256 2350 1345 templum
2375 1251 2551 1323 urbe

402 1371 629 1443 media
663 1370 1202 1465 pulcherrimum
1244 1372 1565 1464 quamvis
1617 1373 2070 1467 inexpletum,
2123 1374 2312 1467 quod
2360 1374 2551 1447 haud

402 1494 742 1567 immerito
776 1517 1129 1569 summum
1164 1486 1431 1568 vocant.
1469 1474 1830 1588 Magorum
1866 1498 1961 1568 ibi
1996 1522 2238 1591 regum
2265 1521 2552 1594 corpora

403 1618 495 1691 ab
532 1629 687 1689 ortu
726 1618 816 1693 ad
864 1641 1189 1693 occasum
1250 1618 1473 1690 tribus
1536 1619 1826 1695 saltibus
1889 1620 2312 1708 transvecta,
2374 1645 2550 1716 quos

401 1741 783 1815 aethereum
816 1742 1169 1835 quondam
1205 1764 1443 1833 regem
1478 1743 1569 1814 ad
1603 1746 1948 1838 praesepia
1972 1746 2367 1836 vagientem
2393 1769 2550 1818 cum

404 1864 811 1939 muneribus
868 1874 1241 1938 veneratos
1301 1866 1629 1957 legimuS‚
1682 1868 2222 1940 venerabundus
2281 1870 2549 1962 aspexi.

405 1987 782 2079 Parumper
804 1987 931 2073 hic,
959 1999 1154 2080 pater
1179 1989 1453 2081 optime,
1484 1999 1554 2060 et
1580 1988 1865 2083 pudoris
1891 1991 2029 2061 mei
2056 2001 2275 2063 metas
2303 2014 2554 2063 exces-

408 2110 590 2183 sisse
629 2108 897 2196 videor,
950 2122 1021 2183 et
1068 2115 1266 2207 plura
1317 2113 1708 2205 collegisse,
1773 2135 1979 2206 quam
2037 2136 2332 2200 necesse
2381 2125 2549 2185 erat.

407 2236 787 2328 Utrumque
812 2236 1074 2308 fateor:
1105 2235 1233 2309 sed
1259 2237 1429 2307 mihi
1455 2235 1550 2307 nil
1578 2246 1716 2308 tam
1751 2258 2044 2308 necesse
2078 2248 2213 2323 est,
2243 2261 2450 2330 quam
2477 2250 2555 2309 ut

406 2358 694 2452 imperio
728 2368 846 2432 tuo
879 2381 1181 2452 paream.
1220 2362 1407 2432 Inter
1441 2362 1656 2434 multa
1690 2383 1858 2433 sane
1892 2383 2053 2455 quae
2094 2360 2376 2433 abeunti
2411 2360 2555 2432 ius-

406 2503 624 2567 seras,
662 2482 794 2555 hoc
824 2482 951 2555 ruit
982 2494 1410 2567 extremum3
1437 2495 1515 2554 ut
1544 2484 1637 2556 de
1671 2485 1875 2556 terris
1910 2486 2001 2557 ad
2028 2508 2202 2580 quas
2237 2485 2448 2571 ibam,
2485 2496 2556 2556 et

407 2604 498 2677 de
549 2605 841 2698 singulis
898 2627 1059 2699 quae
1107 2607 1448 2681 vidissem
1499 2607 2094 2702 audivissemque‚
2148 2608 2437 2701 perinde
2487 2619 2555 2679 te

405 2729 768 2804 certiorem
800 2730 1056 2824 scripto
1096 2732 1396 2802 facerem
1448 2754 1527 2802 ac
1577 2731 1796 2803 verbo
1847 2734 2061 2816 sole0,
2116 2755 2246 2804 nec
2293 2736 2555 2805 calamo
2688 2830 2691 2833 .

407 2873 758 2943 parcerem
779 2907 796 2937 ‚
834 2871 964 2922 nec
994 2850 1319 2926 brevitati
1352 2853 1468 2922 vel
1500 2853 1773 2924 ornatui
1806 2855 2189 2936 studerem,
2217 2874 2399 2923 neve
2431 2852 2557 2922 flo-

407 2972 660 3047 ridiora
689 2974 1162 3066 decerperem,
1208 2974 1337 3046 sed
1385 2985 1632 3047 cuncta
1680 2976 2204 3068 complecterer:
2256 2972 2556 3066 denique

410 3096 716 3170 Tulliano
747 3095 968 3167 verbo
1001 3117 1203 3182 usuS,
1256 3098 1495 3182 scribe,
1539 3097 1784 3169 dixisti
1822 3095 2138 3189 quidquid
2175 3099 2249 3167 in
2291 3099 2557 3168 buccam

407 3220 687 3290 venerit.
718 3219 1016 3309 Promisi
1051 3241 1163 3290 me
1187 3223 1560 3304 facturum
1587 3219 2009 3314 promissum
2034 3221 2300 3294 crebris
2327 3244 2424 3294 ex
2448 3221 2557 3293 iti-

411 3362 579 3412 nere
608 3341 928 3415 litterulis
962 3341 1295 3436 implesse
1326 3345 1592 3417 videor.
1631 3345 1701 3415 Si
1737 3345 2072 3419 iussisses
2107 3346 2295 3440 loqui
2328 3346 2417 3417 de
2459 3347 2582 3417 al·

414 3462 734 3551 fioribus,
769 3475 1259 3560 temptassem:
1294 3491 1478 3540 nunc
1518 3468 1831 3562 epistolae
1864 3470 2165 3542 officium
2198 3491 2379 3551 reor,
2416 3487 2558 3535 non

409 3595 489 3658 ut
519 3586 936 3664 scribentem
970 3587 1304 3676 nobilitet,
1345 3588 1474 3660 sed
1497 3599 1575 3659 ut
1598 3588 1929 3660 certificet
1960 3592 2327 3680 legentem.
2356 3585 2555 3668 Quod

415 3707 483 3777 si·
504 3711 784 3786 omnino
814 3711 1041 3785 videri
1073 3715 1417 3798 volumus,
1454 3711 1907 3782 ostendamus
1931 3731 2058 3783 nos
2096 3710 2168 3778 in
2206 3706 2431 3791 libris,
2486 3706 2555 3777 in

413 3829 731 3922 epistolis
760 3836 1250 3929 colloquamur.
1300 3836 1630 3908 Procedo,
1673 3833 1784 3904 Ad
1831 3853 1896 3902 11.
1951 3831 2295 3904 Kalendas
2334 3829 2555 3938 *Iulias

415 3955 695 4027 Colonia
726 3955 1022 4031 discessi
1057 3969 1247 4032 tanto
1282 3962 1428 4032 sole
1461 3983 1543 4031 ac
1576 3962 1890 4054 pulvere,
1928 3967 2006 4028 ut
2055 3977 2246 4051 saepe
2294 3956 2557 4050 alpinas

412 4080 599 4149 nives
629 4101 708 4151 ac
742 4083 998 4175 sviqora
1034 4082 1254 4168 Rheni
1291 4106 1332 4155 a
1369 4082 1659 4175 Virgilio
1709 4081 2158 4175 requirerem.
2211 4082 2379 4153 Inde
2427 4078 2558 4149 Ar-

414 4198 757 4277 duennam
796 4205 1049 4279 silvam
1085 4203 1494 4299 scriptorum
1532 4205 1923 4279 testimonio
1947 4205 2215 4298 pridem
2241 4203 2406 4274 mihi
2442 4225 2555 4272 co-
