3104 4805
611 363 730 425 374
1281 376 1365 426 uu
1407 375 1611 425 nunus
1653 375 2094 427 annuamus

609 521 747 616 gis,
810 529 882 592 at
932 522 1178 592 saltem
1228 523 1432 593 famae
1484 541 1661 593 meae
1719 523 2023 592 consule.
2086 521 2235 592 Scis
2275 532 2536 615 quanta
2595 524 2761 594 mihi

607 642 1004 739 impendeat
1058 622 1387 741 procella,
1433 656 1713 739 quanta,
1761 643 1820 716 si
1859 642 1995 716 labi
2046 645 2363 738 caeperis„
2421 626 2519 715 in
2557 657 2764 740 caput

610 790 844 839 meum
913 767 1492 862 reprehensorum
1567 766 1769 838 turba
1821 767 2191 862 conspiret.
2254 767 2551 840 Proinde
2605 767 2762 837 dum

611 903 861 986 tempus
909 902 1003 961 est
1048 890 1155 987 (ut
1187 891 1641 963 Terentianus
1690 889 1994 983 loquitur
2042 889 2509 985 adolescens),
2566 892 2762 960 etiam

607 1025 800 1105 atque
857 1015 1054 1084 etiam
1113 1017 1344 1104 cogita.
1414 1014 1904 1111 Circumspice,
1969 1035 2115 1099 or0,
2186 1036 2459 1088 summo
2531 1013 2761 1087 studio

608 1135 776 1231 quid
825 1158 1042 1229 agas3
1091 1148 1342 1210 excute
1392 1137 1645 1210 acriter
1684 1150 1753 1210 te
1792 1137 2065 1231 ipsum3
2122 1138 2448 1211 examina
2498 1147 2754 1223 tecum,

605 1283 735 1332 nec
785 1269 851 1331 te
902 1261 1124 1344 fallaS,
1194 1261 1314 1351 qui
1381 1260 1508 1346 sis,
1563 1259 1682 1354 qui
1732 1260 1973 1346 fueris,
2018 1261 2230 1346 unde,
2269 1282 2409 1354 quo
2446 1260 2754 1345 venem,

605 1406 969 1477 quorsum,
1026 1383 1360 1457 inoffensa
1425 1382 1764 1468 libertate,
1827 1382 2154 1478 progredi
2202 1386 2307 1454 fas
2357 1382 2488 1455 sit:
2547 1402 2758 1475 quam

603 1528 970 1602 personam
1032 1505 1370 1591 indueris,
1422 1507 1613 1599 quod
1677 1488 1953 1579 nomenx
1995 1505 2494 1602 assumpseriS,
2547 1527 2756 1599 quam

605 1652 799 1726 spem
844 1631 940 1701 tui
981 1629 1255 1715 feceris,
1299 1629 1468 1724 quid
1511 1632 1869 1726 professus
1909 1629 2146 1702 fueris.
2188 1628 2476 1701 Videbis
2514 1637 2582 1701 te
2620 1650 2756 1700 non

535 1797 539 1803 -
602 1751 957 1825 dominum
998 1752 1449 1849 Reipublicae,
1496 1752 1621 1825 sed
1655 1752 2067 1825 ministrum.
2110 1754 2301 1824 Vale.

886 1895 1096 1967 Ianuae,
1129 1896 1208 1953 111
1240 1896 1363 1952 Kal.
1396 1897 1736 1954 Decembris.

1417 2290 1772 2358 EPISTOLA
1815 2290 1948 2356 vm.

834 2474 1217 2523 rnanmscus
1258 2474 1594 2524 paraliam
1650 2475 1917 2524 romum
1959 2472 2237 2524 Anni-mo
2280 2476 2334 2525 s.
2373 2476 2428 2524 P.
2463 2476 2522 2524 n.

1260 2637 1582 2693 Gratulatur
1610 2638 1681 2693 de
1711 2638 1858 2694 bono
1886 2646 2108 2699 eventu.

795 2853 1040 2927 Omnia
1088 2863 1320 2949 optato
1381 2853 1827 2948 proveniunt,
1896 2854 2134 2925 amice.
2200 2853 2521 2926 Gratulor
2582 2878 2753 2949 ergo

593 2978 903 3051 liberatae
935 2978 1206 3071 patriae,
1244 2973 1625 3072 principum
1667 2984 2063 3047 nostrorum
2102 2973 2371 3066 gloriae‚
2420 2978 2750 3068 tranquil-

596 3103 765 3176 litati
800 3100 1091 3187 civium,
1129 3100 1484 3193 religionis
1514 3110 1913 3193 augmento,
1951 3097 2245 3195 publicae
2275 3096 2563 3182 laetitiae,
2604 3096 2748 3167 sin-

596 3228 926 3321 gulariter
964 3224 1207 3298 honori
1262 3236 1402 3310 tuo,
1447 3222 1647 3295 cuius
1698 3219 2015 3294 manibus
2064 3218 2360 3292 turbidae
2412 3220 2748 3292 hactenus

596 3363 666 3425 et
708 3349 1096 3424 tenebrosae
1140 3346 1296 3421 urbi
1345 3347 1601 3420 blanda
1654 3346 1991 3418 serenitas
2042 3353 2116 3416 et
2176 3365 2317 3439 pax
2380 3341 2749 3438 praedulcis

596 3476 965 3548 invehitur.
1009 3474 1274 3545 Votivo'
1316 3492 1597 3566 quoque
1630 3469 1988 3542 successui
2038 3468 2475 3541 familiarium
2517 3488 2752 3539 rerum

599 3611 869 3672 tuarum
912 3599 1242 3692 gratulor.
1285 3596 1652 3668 Perrarum
1695 3605 1806 3666 est
1850 3605 1927 3666 ut
1976 3595 2137 3666 laeta
2175 3594 2523 3666 cumulate
2573 3590 2754 3662 acci-

595 3724 791 3805 dant,
860 3719 1027 3814 quin
1093 3722 1385 3792 fortunae
1451 3717 1680 3791 dulcia
1743 3738 2017 3813 semper
2079 3716 2443 3789 immixtus
2501 3712 2751 3808 aliquis

594 3867 869 3917 amaror
909 3844 1184 3916 inficiat.
1227 3842 1320 3913 At
1358 3843 1417 3914 si
1458 3841 1738 3934 quando
1780 3824 1983 3933 plene
2029 3838 2323 3934 propitia
2363 3860 2525 3910 esse
2566 3839 2746 3920 vult,

594 3988 684 4036 ex
760 3965 1220 4038 amaritudine
1291 3986 1524 4035 rerum
1600 3963 1750 4055 ipsa
1815 3958 2255 4033 dulcedinem
2328 3961 2748 4056 insperatam

596 4085 805 4156 miris
840 4086 1063 4158 modis
1114 4087 1308 4157 novit
1355 4085 1626 4157 elicere.
1672 4085 1873 4179 Saepe
1930 4082 2143 4176 igitur
2205 4083 2383 4154 dura
2435 4082 2748 4152 molliens

593 4216 661 4273 et
711 4204 1105 4289 inflectenS,
1175 4228 1336 4298 quae
1395 4208 1615 4278 tristia
1663 4207 2108 4290 videbantur,
2176 4204 2384 4276 vertit
2444 4203 2512 4272 in
2573 4220 2746 4290 gau-
