3104 4805
584 373 771 422 LXVIII
1412 367 1938 418 PROLEGouENON.
3099 190 3104 479 Ι

3015 530 3080 537 -αν-

2380 641 2549 690 ORDO
2592 642 3023 692 EPISTOLARUM

2463 867 2713 907 VENETA
2997 770 3003 1058 Ι

2485 931 2699 969 sunnam.

2496 1161 2685 1217 m
2456 1037 3104 1379 Ι

687 737 1135 781 ΑιΡΠΑΒΕΊῚῦΟ
1198 737 1431 778 omnus
1493 736 1830 779 nlsvoslra

1079 857 1161 905 ET
1203 856 1401 904 noum
1406 855 1445 904 A

328 543 350 861 ΙΙ
885 616 1109 672 ΙΝῙΤῙΑ
1169 614 1638 670 LI'PI'ERARUM

342 634 350 1047 Ι
718 955 991 998 nonumn
1023 954 1155 1004 onos
1186 954 1426 995 unum
1456 953 1623 995 mssa:
1654 954 1804 995 sum.

420 1163 553 1217 Post
576 1162 844 1217 Thomam
872 1177 1060 1215 meum
1084 1159 1259 1214 fateor
1264 1200 2128 1216 ................

621 1232 692 1278 Ad
718 1231 930 1278 iacobum
957 1230 1316 1275 messanensem.
2177 1246 2184 1281 Ι

420 1313 672 1368 postulas
699 1313 797 1367 tibi
823 1317 1027 1366 statum
1053 1309 1176 1363 vitae
1182 1349 2127 1365 .................
2175 1284 2184 1489 Ι
2493 1311 2553 1365 F.
2593 1311 2680 1366 31.

621 1383 692 1427 Ad
718 1382 998 1436 Stephanum
1026 1377 1297 1424 Columnam
1323 1378 1563 1424 iuniorem.

420 1458 582 1516 Potes
608 1460 798 1515 mirari
823 1460 1034 1513 utinam
1060 1475 1173 1513 non
1199 1459 1364 1514 etiam
1371 1501 2126 1515 ..............
2175 1492 2180 1541 Ι
2431 1462 2487 1516 S.
2528 1460 2644 1515 XV.
2683 1460 2737 1515 8.

621 1530 692 1574 Ad
720 1529 966 1574 Iohannem
1000 1528 1058 1574 do
1087 1528 1318 1574 Cemldo.
2174 1550 2179 1597 Ι

420 1610 652 1666 Potuisti
677 1611 761 1664 vir
784 1610 1078 1665 fortissime
1105 1609 1320 1665 vincere
1328 1652 2125 1665 ...............
2174 1608 2179 1673 ι
2315 1596 2322 1599 ’
2490 1610 2550 1664 F.
2590 1609 2679 1664 29.
2994 1590 3001 1711 Ι

621 1679 689 1725 Ad
718 1680 996 1736 Stephanum
1025 1678 1296 1725 Columnam
1325 1682 1564 1727 iuniorem.
2175 1688 2179 1735 ξ
2995 1714 3000 1759 Ι

2996 1766 3000 1807 Ι

419 1761 603 1815 Potuit
627 1766 680 1814 te
704 1761 763 1814 in
790 1759 1225 1815 admirationem.
1295 1800 2942 1816 ............................

617 1831 688 1875 Au
714 1831 1007 1876 Franciscnm
1036 1832 1109 1875 Pr.
1140 1831 1214 1875 SS.
1244 1831 1584 1887 Apostolorum.
2173 1778 2180 2011 Ι

419 1911 787 1983 Praecipitium
812 1911 1054 1966 horrete
1096 1913 1253 1966 istola
1258 1952 2125 1967 ................
2367 1912 2497 1965 Post
2523 1909 2621 1982 Ep.
2652 1910 2710 1965 S.
2740 1909 2802 1963 T.
2997 1902 3002 1995 Ι

617 1981 686 2026 Ad
713 1981 930 2027 Cal-olum
959 1981 1016 2026 lv
1068 1984 1393 2036 mperatorem.

420 2061 737 2117 Praedilecte
764 2061 949 2115 frater.
1008 2101 2125 2118 ....................
2174 2016 2179 2115 ¹
2461 2060 2590 2114 Var.
2622 2060 2712 2113 55.

618 2130 686 2175 Ad
715 2130 1007 2175 Franciscum
1037 2129 1254 2174 Brunum.
2173 2122 2179 2205 Ι
2994 2108 3002 2401 Ι

420 2212 773 2267 Praesentiam
801 2216 953 2265 tuam
979 2210 1161 2264 animo
1189 2225 1311 2263 meo
1317 2250 2122 2265 ...............
2173 2232 2178 2247 ’
2442 2211 2497 2264 S.
2540 2208 2637 2262 111.
2678 2208 2730 2260 1.

619 2281 688 2325 Ad
719 2280 960 2325 lohannem
988 2280 1045 2323 de
1074 2278 1306 2325 Certaldo.
2173 2278 2178 2339 Ι

418 2361 760 2416 Praestrinxit
784 2361 970 2415 oculos
996 2376 1148 2415 meos
1153 2400 2122 2416 ..................
2172 2350 2176 2422 Ι
2487 2356 2547 2411 F.
2587 2356 2674 2410 51.

618 2431 687 2475 Ad
716 2429 964 2474 aubertum
993 2430 1162 2474 Siciliae
1187 2439 1357 2484 regem.
2172 2427 2177 2496 Ι

417 2511 666 2564 Primum
694 2525 763 2562 ne
794 2509 891 2562 tibi
919 2510 1002 2563 vir
1027 2510 1372 2579 magnanime
1380 2550 2123 2564 ..............
2172 2499 2177 2560 Ι
2459 2508 2589 2563 Var.
2619 2508 2709 2561 45.

617 2578 687 2622 Ad
712 2577 950 2622 Nicolaum
981 2578 1113 2623 Laut.
1145 2579 1394 2624 Tribunum
1425 2579 1535 2634 Pop.
1566 2579 1690 2625 Rom.
2172 2571 2178 2716 Ι

2997 2428 3000 2474 Ι

418 2660 524 2712 Pro
551 2658 786 2727 benigna
811 2655 907 2711 illa
933 2664 987 2712 et
1051 2658 1175 2713 lena
1180 2700 2121 2714 .................
2172 2723 2178 2754 Ι
2450 2660 2508 2714 S.
2549 2658 2620 2713 11.
2662 2658 2716 2714 8.
2993 2617 2998 2797 Ι

618 2727 687 2771 Ad
717 2735 930 2780 magnum
958 2727 1019 2771 Pr
1038 2738 1167 2773 orem
1194 2728 1628 2775 Camoldolensium.

417 2807 698 2862 Profectus
724 2823 783 2861 es
810 2806 1142 2879 Babylonem
1149 2850 2121 2864 ..................
2171 2769 2178 2921 Ι
2443 2809 2498 2862 S.
2540 2809 2633 2863 VI.
2672 2810 2727 2864 6.

617 2879 686 2923 Ad
714 2875 961 2922 zenobium
991 2878 1321 2925 Florentinum.

417 2960 525 3015 Pro
550 2959 655 3013 hoc
682 2964 793 3012 tam
821 2957 955 3012 mihi
983 2961 1282 3015 carissilno.
1353 3001 2120 3016 ..............
2172 2923 2178 3014 Ι
2228 3000 2935 3013 .............
2993 2935 2994 2968 ³

614 3027 682 3073 Ad
712 3027 956 3073 Barbatum
985 3028 1345 3075 Sulmonensom.
2171 3041 2177 3095 Ι
2991 3029 2996 3092 Ι

415 3109 755 3164 Promissum
782 3108 1075 3178 Augustini
1101 3112 1522 3167 confessionum.
1586 3154 2120 3167 ..........
2173 3107 2177 3165 i
2226 3150 2935 3163 .............
2991 3101 2996 3169 Ι

610 3178 678 3222 Ad
707 3179 957 3223 Gorardum
983 3178 1171 3224 fratrem
1198 3191 1347 3224 ouum.
2171 3191 2176 3244 ξ
2991 3181 2996 3220 Ι

501 3258 906 3373 tabaffiglenus
933 3275 1080 3314 esses
1086 3301 2119 3319 ...................
2173 3257 2176 3320 ἓ
2228 3299 2934 3314 .............

777 3327 960 3373 idonem
987 3330 1202 3387 Archiep.
1230 3331 1559 3377 Genuensium.
1799 3341 1802 3344 '

1223 3522 1271 3595 Q

614 3781 683 3825 Ad
713 3781 974 3837 Philippum
1002 3785 1156 3837 &plne
1183 3783 1487 3829 conlucens.

417 3861 626 3926 Quaeris
652 3877 719 3914 ex
745 3877 834 3914 me
860 3879 959 3917 seu
1056 3882 1084 3917 r
1111 3871 1180 3918 te.
1235 3906 2116 3920 ................

613 3929 682 3973 Ad
710 3930 955 3976 Iohannem
1014 3935 1245 3980 e.Parmo

416 4012 549 4076 Quae
576 4023 701 4078 spes
736 4011 881 4079 quod
908 4012 1170 4068 solamen.
1234 4055 2119 4070 ................
2166 3995 2170 4032 Ι
2221 4052 2990 4074 ..............

611 4079 683 4121 Au
708 4077 963 4124 Guldonem
990 4084 1170 4128 Archid.
1198 4085 1503 4129 Genuensem.
2164 4085 2169 4124 Ι
2986 4079 2990 4122 ¹
3101 4097 3104 4158 Ι

416 4161 645 4227 Qua1em
673 4161 812 4230 proh
839 4161 996 4215 ‹10101-
1022 4162 1219 4217 virum.
1291 4206 2111 4220 ...............
2162 4177 2168 4224 ι
2416 4165 2471 4218 s.
2513 4162 2606 4216 x1.
2647 4161 2735 4216 14.
2986 4129 2990 4230 Ι

607 4227 678 4274 Ad
702 4229 1069 4278 Bonnveuturam
1098 4232 1250 4279 Baffro
1277 4235 1668 4291 Auguztlnlanum.
2162 4231 2167 4270 Ι
2986 4255 2991 4338 Ι

2223 3905 2993 3926 uuuuuuuuuuuuuu

2170 3389 2176 3462 ἓ

2170 3507 2174 3626 Ι

416 3713 548 3777 Quae
576 3712 643 3766 de
670 3729 759 3766 me
786 3713 978 3767 scribis
1003 3721 1175 3784 pater.
1235 3755 2117 3769 ................
2167 3634 2173 3840 Ι
2224 3756 2936 3769 .............
