<?xml version="1.0" encoding="UTF-8"?>
<!DOCTYPE html PUBLIC "-//W3C//DTD XHTML 1.0 Transitional//EN"
    "http://www.w3.org/TR/xhtml1/DTD/xhtml1-transitional.dtd">
<html xmlns="http://www.w3.org/1999/xhtml" xml:lang="en" lang="en">
 <head>
  <title>
</title>
<meta http-equiv="Content-Type" content="text/html;charset=utf-8" />
  <meta name='ocr-system' content='tesseract 3.04.00' />
  <meta name='ocr-capabilities' content='ocr_page ocr_carea ocr_par ocr_line ocrx_word'/>
</head>
<body>
  <div class='ocr_page' id='page_1' title='image "./epistolaederebu00unkngoog_0465.png"; bbox 0 0 3104 4805; ppageno 0'>
   <div class='ocr_carea' id='block_1_1' title="bbox 872 391 2503 460">
    <p class='ocr_par' dir='ltr' id='par_1_1' title="bbox 872 391 2503 460">
     <span class='ocr_line' id='line_1_1' title="bbox 872 391 2503 460; baseline 0.001 -9"><span class='ocrx_word' id='word_1_1' title='bbox 872 404 1058 452; x_wconf 72' lang='lat' dir='ltr'>unna</span> <span class='ocrx_word' id='word_1_2' title='bbox 1100 402 1818 460; x_wconf 65' lang='lat' dir='ltr'>curmus—Emsrom</span> <span class='ocrx_word' id='word_1_3' title='bbox 1858 403 2002 456; x_wconf 84' lang='lat' dir='ltr'>xvu.</span> <span class='ocrx_word' id='word_1_4' title='bbox 2390 391 2503 454; x_wconf 76' lang='lat'>297</span> 
     </span>
    </p>
   </div>
   <div class='ocr_carea' id='block_1_2' title="bbox 356 545 2517 2359">
    <p class='ocr_par' dir='ltr' id='par_1_2' title="bbox 356 545 2517 2359">
     <span class='ocr_line' id='line_1_2' title="bbox 364 545 2513 631; baseline 0.005 -18"><span class='ocrx_word' id='word_1_5' title='bbox 364 545 499 615; x_wconf 89' lang='lat' dir='ltr'>nisi</span> <span class='ocrx_word' id='word_1_6' title='bbox 539 554 616 615; x_wconf 91' lang='lat' dir='ltr'>ut</span> <span class='ocrx_word' id='word_1_7' title='bbox 653 546 1056 617; x_wconf 82' lang='lat' dir='ltr'>familiarius</span> <span class='ocrx_word' id='word_1_8' title='bbox 1097 548 1384 629; x_wconf 82' lang='lat' dir='ltr'>falleret;</span> <span class='ocrx_word' id='word_1_9' title='bbox 1420 547 1767 617; x_wconf 89' lang='lat' dir='ltr'>neminem</span> <span class='ocrx_word' id='word_1_10' title='bbox 1806 547 2068 631; x_wconf 81' lang='lat' dir='ltr'>evexit,</span> <span class='ocrx_word' id='word_1_11' title='bbox 2120 550 2252 620; x_wconf 89' lang='lat' dir='ltr'>nisi</span> <span class='ocrx_word' id='word_1_12' title='bbox 2307 562 2381 622; x_wconf 89' lang='lat' dir='ltr'>ut</span> <span class='ocrx_word' id='word_1_13' title='bbox 2413 554 2513 623; x_wconf 88' lang='lat' dir='ltr'>al·-</span> 
     </span>
     <span class='ocr_line' id='line_1_3' title="bbox 365 668 2510 747; baseline 0.005 -10"><span class='ocrx_word' id='word_1_14' title='bbox 365 668 496 740; x_wconf 88' lang='lat' dir='ltr'>tior</span> <span class='ocrx_word' id='word_1_15' title='bbox 528 689 736 741; x_wconf 89' lang='lat' dir='ltr'>casus</span> <span class='ocrx_word' id='word_1_16' title='bbox 774 678 984 741; x_wconf 89' lang='lat' dir='ltr'>esset.</span> <span class='ocrx_word' id='word_1_17' title='bbox 1020 670 1283 743; x_wconf 89' lang='lat' dir='ltr'>Verum</span> <span class='ocrx_word' id='word_1_18' title='bbox 1317 670 1429 742; x_wconf 89' lang='lat' dir='ltr'>hic</span> <span class='ocrx_word' id='word_1_19' title='bbox 1469 691 1652 741; x_wconf 89' lang='lat' dir='ltr'>unus</span> <span class='ocrx_word' id='word_1_20' title='bbox 1687 690 1782 741; x_wconf 84' lang='lat' dir='ltr'>ex</span> <span class='ocrx_word' id='word_1_21' title='bbox 1805 670 2129 741; x_wconf 89' lang='lat' dir='ltr'>humanis</span> <span class='ocrx_word' id='word_1_22' title='bbox 2156 673 2510 747; x_wconf 84' lang='lat' dir='ltr'>erroribus</span> 
     </span>
     <span class='ocr_line' id='line_1_4' title="bbox 364 791 2512 887; baseline 0.005 -26"><span class='ocrx_word' id='word_1_23' title='bbox 364 802 489 873; x_wconf 89' lang='lat' dir='ltr'>est,</span> <span class='ocrx_word' id='word_1_24' title='bbox 520 791 649 885; x_wconf 78' lang='lat' dir='ltr'>,qui</span> <span class='ocrx_word' id='word_1_25' title='bbox 711 803 874 863; x_wconf 92' lang='lat' dir='ltr'>sunt</span> <span class='ocrx_word' id='word_1_26' title='bbox 924 792 1493 879; x_wconf 82' lang='lat' dir='ltr'>innumerabileS,</span> <span class='ocrx_word' id='word_1_27' title='bbox 1554 814 1892 887; x_wconf 91' lang='lat' dir='ltr'>quosque,</span> <span class='ocrx_word' id='word_1_28' title='bbox 1930 802 2008 864; x_wconf 87' lang='lat' dir='ltr'>ut</span> <span class='ocrx_word' id='word_1_29' title='bbox 2068 794 2512 872; x_wconf 88' lang='lat' dir='ltr'>Ciceroniano</span> 
     </span>
     <span class='ocr_line' id='line_1_5' title="bbox 363 915 2510 1011; baseline 0.003 -25"><span class='ocrx_word' id='word_1_30' title='bbox 363 915 579 987; x_wconf 88' lang='lat' dir='ltr'>verbo</span> <span class='ocrx_word' id='word_1_31' title='bbox 604 924 790 1000; x_wconf 89' lang='lat' dir='ltr'>utar,</span> <span class='ocrx_word' id='word_1_32' title='bbox 818 939 978 989; x_wconf 91' lang='lat' dir='ltr'>cum</span> <span class='ocrx_word' id='word_1_33' title='bbox 1006 917 1297 989; x_wconf 89' lang='lat' dir='ltr'>nutricis</span> <span class='ocrx_word' id='word_1_34' title='bbox 1325 921 1497 989; x_wconf 89' lang='lat' dir='ltr'>lacte</span> <span class='ocrx_word' id='word_1_35' title='bbox 1529 916 1815 988; x_wconf 88' lang='lat' dir='ltr'>suxisse</span> <span class='ocrx_word' id='word_1_36' title='bbox 1849 915 2195 1001; x_wconf 86' lang='lat' dir='ltr'>videmur,</span> <span class='ocrx_word' id='word_1_37' title='bbox 2225 927 2295 989; x_wconf 91' lang='lat' dir='ltr'>et</span> <span class='ocrx_word' id='word_1_38' title='bbox 2334 942 2510 1011; x_wconf 91' lang='lat' dir='ltr'>quos</span> 
     </span>
     <span class='ocr_line' id='line_1_6' title="bbox 365 1038 2513 1132; baseline 0.001 -24"><span class='ocrx_word' id='word_1_39' title='bbox 365 1038 622 1110; x_wconf 86' lang='lat' dir='ltr'>utinam</span> <span class='ocrx_word' id='word_1_40' title='bbox 663 1039 782 1110; x_wconf 85' lang='lat' dir='ltr'>vel</span> <span class='ocrx_word' id='word_1_41' title='bbox 830 1038 902 1108; x_wconf 91' lang='lat' dir='ltr'>in</span> <span class='ocrx_word' id='word_1_42' title='bbox 969 1039 1163 1110; x_wconf 91' lang='lat' dir='ltr'>senio</span> <span class='ocrx_word' id='word_1_43' title='bbox 1198 1040 1653 1132; x_wconf 83' lang='lat' dir='ltr'>deponamus.</span> <span class='ocrx_word' id='word_1_44' title='bbox 1718 1039 1990 1112; x_wconf 88' lang='lat' dir='ltr'>Certius</span> <span class='ocrx_word' id='word_1_45' title='bbox 2052 1038 2382 1130; x_wconf 81' lang='lat' dir='ltr'>gaudium</span> <span class='ocrx_word' id='word_1_46' title='bbox 2421 1060 2513 1111; x_wconf 81' lang='lat' dir='ltr'>ex</span> 
     </span>
     <span class='ocr_line' id='line_1_7' title="bbox 361 1153 2513 1254; baseline 0.002 -24"><span class='ocrx_word' id='word_1_47' title='bbox 361 1160 672 1254; x_wconf 86' lang='lat' dir='ltr'>epistolae</span> <span class='ocrx_word' id='word_1_48' title='bbox 707 1170 845 1231; x_wconf 88' lang='lat' dir='ltr'>tuae</span> <span class='ocrx_word' id='word_1_49' title='bbox 889 1158 1026 1231; x_wconf 89' lang='lat' dir='ltr'>fine</span> <span class='ocrx_word' id='word_1_50' title='bbox 1066 1159 1392 1254; x_wconf 85' lang='lat' dir='ltr'>percipio,</span> <span class='ocrx_word' id='word_1_51' title='bbox 1432 1161 1549 1232; x_wconf 90' lang='lat' dir='ltr'>ubi</span> <span class='ocrx_word' id='word_1_52' title='bbox 1578 1172 1649 1233; x_wconf 89' lang='lat' dir='ltr'>et</span> <span class='ocrx_word' id='word_1_53' title='bbox 1679 1153 2023 1234; x_wconf 86' lang='lat' dir='ltr'>fortunam</span> <span class='ocrx_word' id='word_1_54' title='bbox 2051 1183 2292 1241; x_wconf 85' lang='lat' dir='ltr'>nosse,</span> <span class='ocrx_word' id='word_1_55' title='bbox 2334 1171 2404 1233; x_wconf 90' lang='lat' dir='ltr'>et</span> <span class='ocrx_word' id='word_1_56' title='bbox 2428 1162 2513 1234; x_wconf 92' lang='lat' dir='ltr'>ad</span> 
     </span>
     <span class='ocr_line' id='line_1_8' title="bbox 361 1284 2515 1377; baseline 0.001 -22"><span class='ocrx_word' id='word_1_57' title='bbox 361 1305 602 1356; x_wconf 89' lang='lat' dir='ltr'>omnes</span> <span class='ocrx_word' id='word_1_58' title='bbox 630 1304 838 1355; x_wconf 87' lang='lat' dir='ltr'>casus</span> <span class='ocrx_word' id='word_1_59' title='bbox 874 1294 1192 1377; x_wconf 85' lang='lat' dir='ltr'>paratum</span> <span class='ocrx_word' id='word_1_60' title='bbox 1222 1284 1385 1356; x_wconf 89' lang='lat' dir='ltr'>mihi</span> <span class='ocrx_word' id='word_1_61' title='bbox 1422 1285 1686 1357; x_wconf 90' lang='lat' dir='ltr'>videris</span> <span class='ocrx_word' id='word_1_62' title='bbox 1729 1285 2035 1357; x_wconf 91' lang='lat' dir='ltr'>animum</span> <span class='ocrx_word' id='word_1_63' title='bbox 2062 1284 2347 1357; x_wconf 89' lang='lat' dir='ltr'>habere:</span> <span class='ocrx_word' id='word_1_64' title='bbox 2384 1284 2515 1357; x_wconf 87' lang='lat' dir='ltr'>hoe</span> 
     </span>
     <span class='ocr_line' id='line_1_9' title="bbox 360 1406 2513 1503; baseline 0 -25"><span class='ocrx_word' id='word_1_65' title='bbox 360 1419 469 1480; x_wconf 88' lang='lat' dir='ltr'>est</span> <span class='ocrx_word' id='word_1_66' title='bbox 506 1410 694 1502; x_wconf 91' lang='lat' dir='ltr'>quod</span> <span class='ocrx_word' id='word_1_67' title='bbox 753 1409 1012 1501; x_wconf 87' lang='lat' dir='ltr'>optavi,</span> <span class='ocrx_word' id='word_1_68' title='bbox 1071 1408 1203 1479; x_wconf 88' lang='lat' dir='ltr'>hoc</span> <span class='ocrx_word' id='word_1_69' title='bbox 1242 1417 1353 1479; x_wconf 89' lang='lat' dir='ltr'>est</span> <span class='ocrx_word' id='word_1_70' title='bbox 1392 1408 1581 1501; x_wconf 90' lang='lat' dir='ltr'>quod</span> <span class='ocrx_word' id='word_1_71' title='bbox 1625 1408 1932 1503; x_wconf 89' lang='lat' dir='ltr'>speravi,</span> <span class='ocrx_word' id='word_1_72' title='bbox 1995 1407 2126 1479; x_wconf 91' lang='lat' dir='ltr'>hoc</span> <span class='ocrx_word' id='word_1_73' title='bbox 2164 1416 2277 1479; x_wconf 89' lang='lat' dir='ltr'>est</span> <span class='ocrx_word' id='word_1_74' title='bbox 2324 1406 2513 1500; x_wconf 89' lang='lat' dir='ltr'>quod</span> 
     </span>
     <span class='ocr_line' id='line_1_10' title="bbox 357 1530 2512 1623; baseline 0 -22"><span class='ocrx_word' id='word_1_75' title='bbox 357 1533 579 1604; x_wconf 91' lang='lat' dir='ltr'>Deum</span> <span class='ocrx_word' id='word_1_76' title='bbox 640 1532 913 1623; x_wconf 82' lang='lat' dir='ltr'>rogavi,</span> <span class='ocrx_word' id='word_1_77' title='bbox 991 1541 1068 1602; x_wconf 92' lang='lat' dir='ltr'>ut</span> <span class='ocrx_word' id='word_1_78' title='bbox 1130 1541 1200 1603; x_wconf 92' lang='lat' dir='ltr'>et</span> <span class='ocrx_word' id='word_1_79' title='bbox 1264 1530 1431 1601; x_wconf 87' lang='lat' dir='ltr'>mihi</span> <span class='ocrx_word' id='word_1_80' title='bbox 1505 1542 1577 1603; x_wconf 93' lang='lat' dir='ltr'>et</span> <span class='ocrx_word' id='word_1_81' title='bbox 1615 1531 1856 1603; x_wconf 88' lang='lat' dir='ltr'>amicis</span> <span class='ocrx_word' id='word_1_82' title='bbox 1920 1533 2166 1602; x_wconf 87' lang='lat' dir='ltr'>fortem</span> <span class='ocrx_word' id='word_1_83' title='bbox 2205 1531 2512 1602; x_wconf 86' lang='lat' dir='ltr'>animum</span> 
     </span>
     <span class='ocr_line' id='line_1_11' title="bbox 356 1652 2517 1749; baseline 0 -23"><span class='ocrx_word' id='word_1_84' title='bbox 356 1664 901 1749; x_wconf 79' lang='lat' dir='ltr'>contemptorem</span> <span class='ocrx_word' id='word_1_85' title='bbox 971 1675 1205 1725; x_wconf 90' lang='lat' dir='ltr'>rerum</span> <span class='ocrx_word' id='word_1_86' title='bbox 1282 1652 1714 1725; x_wconf 84' lang='lat' dir='ltr'>mutabilium</span> <span class='ocrx_word' id='word_1_87' title='bbox 1783 1663 2171 1747; x_wconf 84' lang='lat' dir='ltr'>praestaret.</span> <span class='ocrx_word' id='word_1_88' title='bbox 2211 1652 2313 1724; x_wconf 91' lang='lat' dir='ltr'>Ne</span> <span class='ocrx_word' id='word_1_89' title='bbox 2344 1653 2517 1746; x_wconf 90' lang='lat' dir='ltr'>quid</span> 
     </span>
     <span class='ocr_line' id='line_1_12' title="bbox 356 1775 2517 1870; baseline 0.001 -25"><span class='ocrx_word' id='word_1_90' title='bbox 356 1775 536 1846; x_wconf 90' lang='lat' dir='ltr'>enim</span> <span class='ocrx_word' id='word_1_91' title='bbox 565 1777 635 1846; x_wconf 90' lang='lat' dir='ltr'>in</span> <span class='ocrx_word' id='word_1_92' title='bbox 660 1777 806 1848; x_wconf 87' lang='lat' dir='ltr'>vita</span> <span class='ocrx_word' id='word_1_93' title='bbox 829 1776 1208 1849; x_wconf 86' lang='lat' dir='ltr'>sentiamus</span> <span class='ocrx_word' id='word_1_94' title='bbox 1235 1776 1538 1862; x_wconf 88' lang='lat' dir='ltr'>adversi,</span> <span class='ocrx_word' id='word_1_95' title='bbox 1570 1775 2043 1869; x_wconf 84' lang='lat' dir='ltr'>nequidquam</span> <span class='ocrx_word' id='word_1_96' title='bbox 2071 1776 2403 1870; x_wconf 86' lang='lat' dir='ltr'>poscitur;</span> <span class='ocrx_word' id='word_1_97' title='bbox 2440 1789 2517 1848; x_wconf 91' lang='lat' dir='ltr'>ut</span> 
     </span>
     <span class='ocr_line' id='line_1_13' title="bbox 358 1897 2516 1992; baseline 0 -23"><span class='ocrx_word' id='word_1_98' title='bbox 358 1897 698 1990; x_wconf 90' lang='lat' dir='ltr'>quidquid</span> <span class='ocrx_word' id='word_1_99' title='bbox 737 1898 1049 1972; x_wconf 85' lang='lat' dir='ltr'>evenerit</span> <span class='ocrx_word' id='word_1_100' title='bbox 1087 1900 1391 1971; x_wconf 87' lang='lat' dir='ltr'>feramus</span> <span class='ocrx_word' id='word_1_101' title='bbox 1420 1900 1774 1992; x_wconf 83' lang='lat' dir='ltr'>patienter,</span> <span class='ocrx_word' id='word_1_102' title='bbox 1810 1897 2241 1991; x_wconf 82' lang='lat' dir='ltr'>dignissimae</span> <span class='ocrx_word' id='word_1_103' title='bbox 2275 1920 2516 1992; x_wconf 82' lang='lat' dir='ltr'>preces</span> 
     </span>
     <span class='ocr_line' id='line_1_14' title="bbox 359 2020 2512 2113; baseline -0 -21"><span class='ocrx_word' id='word_1_104' title='bbox 359 2030 539 2092; x_wconf 88' lang='lat' dir='ltr'>sunt.</span> <span class='ocrx_word' id='word_1_105' title='bbox 577 2021 942 2113; x_wconf 88' lang='lat' dir='ltr'>Equidem,</span> <span class='ocrx_word' id='word_1_106' title='bbox 987 2020 1121 2091; x_wconf 88' lang='lat' dir='ltr'>nisi</span> <span class='ocrx_word' id='word_1_107' title='bbox 1155 2022 1377 2106; x_wconf 87' lang='lat' dir='ltr'>fallor,</span> <span class='ocrx_word' id='word_1_108' title='bbox 1416 2022 1485 2091; x_wconf 93' lang='lat' dir='ltr'>in</span> <span class='ocrx_word' id='word_1_109' title='bbox 1519 2020 1758 2093; x_wconf 89' lang='lat' dir='ltr'>verbis</span> <span class='ocrx_word' id='word_1_110' title='bbox 1800 2021 1938 2093; x_wconf 89' lang='lat' dir='ltr'>tuis</span> <span class='ocrx_word' id='word_1_111' title='bbox 1974 2021 2281 2094; x_wconf 91' lang='lat' dir='ltr'>animum</span> <span class='ocrx_word' id='word_1_112' title='bbox 2317 2031 2512 2093; x_wconf 90' lang='lat' dir='ltr'>tuum</span> 
     </span>
     <span class='ocr_line' id='line_1_15' title="bbox 363 2143 2514 2238; baseline 0.002 -28"><span class='ocrx_word' id='word_1_113' title='bbox 363 2143 538 2229; x_wconf 88' lang='lat' dir='ltr'>vidi,</span> <span class='ocrx_word' id='word_1_114' title='bbox 576 2143 811 2215; x_wconf 86' lang='lat' dir='ltr'>etdixi</span> <span class='ocrx_word' id='word_1_115' title='bbox 841 2166 1143 2215; x_wconf 87' lang='lat' dir='ltr'>mecum:</span> <span class='ocrx_word' id='word_1_116' title='bbox 1186 2145 1328 2216; x_wconf 87' lang='lat' dir='ltr'>Iam</span> <span class='ocrx_word' id='word_1_117' title='bbox 1357 2145 1467 2216; x_wconf 90' lang='lat' dir='ltr'>vir</span> <span class='ocrx_word' id='word_1_118' title='bbox 1491 2156 1624 2231; x_wconf 87' lang='lat' dir='ltr'>est,</span> <span class='ocrx_word' id='word_1_119' title='bbox 1664 2145 1875 2218; x_wconf 90' lang='lat' dir='ltr'>humo</span> <span class='ocrx_word' id='word_1_120' title='bbox 1901 2144 2220 2238; x_wconf 80' lang='lat' dir='ltr'>erigitur,</span> <span class='ocrx_word' id='word_1_121' title='bbox 2264 2146 2514 2217; x_wconf 88' lang='lat' dir='ltr'>coelum</span> 
     </span>
     <span class='ocr_line' id='line_1_16' title="bbox 362 2269 884 2359; baseline 0.002 -24"><span class='ocrx_word' id='word_1_122' title='bbox 362 2277 650 2359; x_wconf 87' lang='lat' dir='ltr'>spectat.</span> <span class='ocrx_word' id='word_1_123' title='bbox 693 2269 884 2340; x_wconf 85' lang='lat' dir='ltr'>Vale.</span> 
     </span>
    </p>
   </div>
   <div class='ocr_carea' id='block_1_3' title="bbox 1144 2748 1721 2814">
    <p class='ocr_par' dir='ltr' id='par_1_3' title="bbox 1144 2748 1721 2814">
     <span class='ocr_line' id='line_1_17' title="bbox 1144 2748 1721 2814; baseline 0.003 -2"><span class='ocrx_word' id='word_1_124' title='bbox 1144 2748 1496 2814; x_wconf 87' lang='lat' dir='ltr'>EPISTOLA</span> <span class='ocrx_word' id='word_1_125' title='bbox 1536 2750 1721 2814; x_wconf 88' lang='lat' dir='ltr'>XVIII.</span> 
     </span>
    </p>
   </div>
   <div class='ocr_carea' id='block_1_4' title="bbox 596 2941 2267 2996">
    <p class='ocr_par' dir='ltr' id='par_1_4' title="bbox 596 2941 2267 2996">
     <span class='ocr_line' id='line_1_18' title="bbox 596 2941 2267 2996; baseline 0.001 -5"><span class='ocrx_word' id='word_1_126' title='bbox 596 2941 982 2993; x_wconf 74' lang='lat' dir='ltr'>FRANCISCUS</span> <span class='ocrx_word' id='word_1_127' title='bbox 1017 2943 1351 2994; x_wconf 73' lang='lat' dir='ltr'>PETRARCA</span> <span class='ocrx_word' id='word_1_128' title='bbox 1389 2943 1649 2993; x_wconf 89' lang='lat' dir='ltr'>GUIDONI</span> <span class='ocrx_word' id='word_1_129' title='bbox 1691 2944 1965 2994; x_wconf 81' lang='lat' dir='ltr'>SEPTIMO</span> <span class='ocrx_word' id='word_1_130' title='bbox 2010 2946 2060 2994; x_wconf 89' lang='lat' dir='ltr'>S.</span> <span class='ocrx_word' id='word_1_131' title='bbox 2109 2948 2162 2995; x_wconf 79' lang='lat' dir='ltr'>P.</span> <span class='ocrx_word' id='word_1_132' title='bbox 2209 2948 2267 2996; x_wconf 89' lang='lat' dir='ltr'>D.</span> 
     </span>
    </p>
   </div>
   <div class='ocr_carea' id='block_1_5' title="bbox 678 3126 2174 3287">
    <p class='ocr_par' dir='ltr' id='par_1_5' title="bbox 678 3126 2174 3287">
     <span class='ocr_line' id='line_1_19' title="bbox 678 3126 2174 3200; baseline 0.001 -20"><span class='ocrx_word' id='word_1_133' title='bbox 678 3127 822 3182; x_wconf 79' lang='lat' dir='ltr'>-vitae</span> <span class='ocrx_word' id='word_1_134' title='bbox 852 3144 965 3182; x_wconf 83' lang='lat' dir='ltr'>suae</span> <span class='ocrx_word' id='word_1_135' title='bbox 992 3128 1261 3183; x_wconf 82' lang='lat' dir='ltr'>rationem</span> <span class='ocrx_word' id='word_1_136' title='bbox 1288 3126 1509 3200; x_wconf 86' lang='lat' dir='ltr'>pandit,</span> <span class='ocrx_word' id='word_1_137' title='bbox 1543 3127 1828 3199; x_wconf 83' lang='lat' dir='ltr'>multaque</span> <span class='ocrx_word' id='word_1_138' title='bbox 1858 3128 1926 3181; x_wconf 92' lang='lat' dir='ltr'>de</span> <span class='ocrx_word' id='word_1_139' title='bbox 1954 3126 2174 3182; x_wconf 83' lang='lat' dir='ltr'>fortuna</span> 
     </span>
     <span class='ocr_line' id='line_1_20' title="bbox 991 3216 1868 3287; baseline -0.002 -17"><span class='ocrx_word' id='word_1_140' title='bbox 991 3222 1045 3270; x_wconf 86' lang='lat' dir='ltr'>et</span> <span class='ocrx_word' id='word_1_141' title='bbox 1073 3216 1140 3271; x_wconf 90' lang='lat' dir='ltr'>de</span> <span class='ocrx_word' id='word_1_142' title='bbox 1170 3217 1453 3271; x_wconf 82' lang='lat' dir='ltr'>laboribus</span> <span class='ocrx_word' id='word_1_143' title='bbox 1485 3216 1601 3270; x_wconf 89' lang='lat' dir='ltr'>suis</span> <span class='ocrx_word' id='word_1_144' title='bbox 1628 3216 1868 3287; x_wconf 85' lang='lat' dir='ltr'>exponit.</span> 
     </span>
    </p>
   </div>
   <div class='ocr_carea' id='block_1_6' title="bbox 350 3477 2513 4308">
    <p class='ocr_par' dir='ltr' id='par_1_6' title="bbox 350 3477 2513 4308">
     <span class='ocr_line' id='line_1_21' title="bbox 547 3477 2513 3570; baseline 0.001 -22"><span class='ocrx_word' id='word_1_145' title='bbox 547 3479 645 3548; x_wconf 90' lang='lat' dir='ltr'>De</span> <span class='ocrx_word' id='word_1_146' title='bbox 687 3484 871 3547; x_wconf 88' lang='lat' dir='ltr'>statu</span> <span class='ocrx_word' id='word_1_147' title='bbox 900 3498 1082 3560; x_wconf 87' lang='lat' dir='ltr'>mec,</span> <span class='ocrx_word' id='word_1_148' title='bbox 1113 3499 1321 3570; x_wconf 85' lang='lat' dir='ltr'>quem</span> <span class='ocrx_word' id='word_1_149' title='bbox 1364 3497 1575 3548; x_wconf 90' lang='lat' dir='ltr'>nosse</span> <span class='ocrx_word' id='word_1_150' title='bbox 1616 3477 2011 3562; x_wconf 87' lang='lat' dir='ltr'>desideras,</span> <span class='ocrx_word' id='word_1_151' title='bbox 2062 3477 2369 3548; x_wconf 88' lang='lat' dir='ltr'>breviter</span> <span class='ocrx_word' id='word_1_152' title='bbox 2413 3479 2513 3549; x_wconf 91' lang='lat' dir='ltr'>sic</span> 
     </span>
     <span class='ocr_line' id='line_1_22' title="bbox 353 3598 2509 3693; baseline 0 -21"><span class='ocrx_word' id='word_1_153' title='bbox 353 3599 937 3672; x_wconf 81' lang='lat' dir='ltr'>habe.·Etsiinter</span> <span class='ocrx_word' id='word_1_154' title='bbox 974 3620 1142 3670; x_wconf 89' lang='lat' dir='ltr'>vere</span> <span class='ocrx_word' id='word_1_155' title='bbox 1207 3598 1775 3693; x_wconf 87' lang='lat' dir='ltr'>philosophantes</span> <span class='ocrx_word' id='word_1_156' title='bbox 1836 3623 2050 3671; x_wconf 92' lang='lat' dir='ltr'>unum</span> <span class='ocrx_word' id='word_1_157' title='bbox 2088 3599 2509 3672; x_wconf 88' lang='lat' dir='ltr'>sithominis</span> 
     </span>
     <span class='ocr_line' id='line_1_23' title="bbox 352 3719 2508 3815; baseline 0 -21"><span class='ocrx_word' id='word_1_158' title='bbox 352 3723 639 3807; x_wconf 88' lang='lat' dir='ltr'>bonum,</span> <span class='ocrx_word' id='word_1_159' title='bbox 683 3731 755 3792; x_wconf 92' lang='lat' dir='ltr'>et</span> <span class='ocrx_word' id='word_1_160' title='bbox 793 3743 931 3791; x_wconf 89' lang='lat' dir='ltr'>non</span> <span class='ocrx_word' id='word_1_161' title='bbox 967 3722 1124 3808; x_wconf 79' lang='lat' dir='ltr'>tria,</span> <span class='ocrx_word' id='word_1_162' title='bbox 1170 3721 1242 3793; x_wconf 90' lang='lat' dir='ltr'>id</span> <span class='ocrx_word' id='word_1_163' title='bbox 1284 3719 1546 3792; x_wconf 89' lang='lat' dir='ltr'>scilicet</span> <span class='ocrx_word' id='word_1_164' title='bbox 1579 3722 1769 3815; x_wconf 88' lang='lat' dir='ltr'>quod</span> <span class='ocrx_word' id='word_1_165' title='bbox 1811 3723 1879 3791; x_wconf 93' lang='lat' dir='ltr'>in</span> <span class='ocrx_word' id='word_1_166' title='bbox 1921 3723 2153 3794; x_wconf 89' lang='lat' dir='ltr'>animo</span> <span class='ocrx_word' id='word_1_167' title='bbox 2183 3732 2295 3793; x_wconf 89' lang='lat' dir='ltr'>est</span> <span class='ocrx_word' id='word_1_168' title='bbox 2331 3723 2508 3795; x_wconf 89' lang='lat' dir='ltr'>bene</span> 
     </span>
     <span class='ocr_line' id='line_1_24' title="bbox 350 3843 2510 3938; baseline -0 -22"><span class='ocrx_word' id='word_1_169' title='bbox 350 3843 619 3916; x_wconf 86' lang='lat' dir='ltr'>coelitus</span> <span class='ocrx_word' id='word_1_170' title='bbox 685 3843 997 3916; x_wconf 86' lang='lat' dir='ltr'>instituto</span> <span class='ocrx_word' id='word_1_171' title='bbox 1048 3854 1119 3915; x_wconf 87' lang='lat' dir='ltr'>et</span> <span class='ocrx_word' id='word_1_172' title='bbox 1155 3843 1599 3937; x_wconf 88' lang='lat' dir='ltr'>possessione</span> <span class='ocrx_word' id='word_1_173' title='bbox 1652 3845 1976 3938; x_wconf 80' lang='lat' dir='ltr'>generosi</span> <span class='ocrx_word' id='word_1_174' title='bbox 2026 3844 2304 3916; x_wconf 91' lang='lat' dir='ltr'>habitus</span> <span class='ocrx_word' id='word_1_175' title='bbox 2340 3846 2510 3918; x_wconf 90' lang='lat' dir='ltr'>insi-</span> 
     </span>
     <span class='ocr_line' id='line_1_25' title="bbox 353 3967 2509 4064; baseline 0.001 -25"><span class='ocrx_word' id='word_1_176' title='bbox 353 3970 567 4061; x_wconf 83' lang='lat' dir='ltr'>gnito,</span> <span class='ocrx_word' id='word_1_177' title='bbox 611 3967 934 4061; x_wconf 90' lang='lat' dir='ltr'>quoniam</span> <span class='ocrx_word' id='word_1_178' title='bbox 970 3969 1277 4064; x_wconf 87' lang='lat' dir='ltr'>corporis</span> <span class='ocrx_word' id='word_1_179' title='bbox 1322 3990 1403 4038; x_wconf 88' lang='lat' dir='ltr'>ac</span> <span class='ocrx_word' id='word_1_180' title='bbox 1428 3970 1725 4040; x_wconf 86' lang='lat' dir='ltr'>fortunae</span> <span class='ocrx_word' id='word_1_181' title='bbox 1767 3990 1904 4040; x_wconf 90' lang='lat' dir='ltr'>non</span> <span class='ocrx_word' id='word_1_182' title='bbox 1945 3968 2127 4041; x_wconf 89' lang='lat' dir='ltr'>bona</span> <span class='ocrx_word' id='word_1_183' title='bbox 2163 3970 2288 4042; x_wconf 89' lang='lat' dir='ltr'>sed</span> <span class='ocrx_word' id='word_1_184' title='bbox 2321 3994 2509 4044; x_wconf 88' lang='lat' dir='ltr'>com-</span> 
     </span>
     <span class='ocr_line' id='line_1_26' title="bbox 352 4091 2503 4190; baseline 0.002 -28"><span class='ocrx_word' id='word_1_185' title='bbox 352 4092 555 4164; x_wconf 87' lang='lat' dir='ltr'>moda</span> <span class='ocrx_word' id='word_1_186' title='bbox 604 4091 927 4187; x_wconf 86' lang='lat' dir='ltr'>quaedam</span> <span class='ocrx_word' id='word_1_187' title='bbox 980 4115 1061 4165; x_wconf 87' lang='lat' dir='ltr'>ac</span> <span class='ocrx_word' id='word_1_188' title='bbox 1110 4092 1291 4164; x_wconf 87' lang='lat' dir='ltr'>levia</span> <span class='ocrx_word' id='word_1_189' title='bbox 1342 4091 1758 4166; x_wconf 89' lang='lat' dir='ltr'>adminicula</span> <span class='ocrx_word' id='word_1_190' title='bbox 1807 4093 1940 4166; x_wconf 89' lang='lat' dir='ltr'>dici</span> <span class='ocrx_word' id='word_1_191' title='bbox 1993 4092 2282 4178; x_wconf 90' lang='lat' dir='ltr'>debent;</span> <span class='ocrx_word' id='word_1_192' title='bbox 2341 4096 2503 4190; x_wconf 92' lang='lat' dir='ltr'>quia</span> 
     </span>
     <span class='ocr_line' id='line_1_27' title="bbox 355 4214 2498 4308; baseline 0 -22"><span class='ocrx_word' id='word_1_193' title='bbox 355 4226 575 4287; x_wconf 86' lang='lat' dir='ltr'>tamen</span> <span class='ocrx_word' id='word_1_194' title='bbox 603 4214 810 4287; x_wconf 86' lang='lat' dir='ltr'>credo</span> <span class='ocrx_word' id='word_1_195' title='bbox 837 4216 1013 4286; x_wconf 87' lang='lat' dir='ltr'>velle</span> <span class='ocrx_word' id='word_1_196' title='bbox 1072 4227 1134 4286; x_wconf 87' lang='lat' dir='ltr'>te</span> <span class='ocrx_word' id='word_1_197' title='bbox 1161 4214 1248 4286; x_wconf 90' lang='lat' dir='ltr'>de</span> <span class='ocrx_word' id='word_1_198' title='bbox 1274 4214 1597 4288; x_wconf 88' lang='lat' dir='ltr'>omnibus</span> <span class='ocrx_word' id='word_1_199' title='bbox 1629 4215 2182 4308; x_wconf 62' lang='lat' dir='ltr'>audire‚,geram</span> <span class='ocrx_word' id='word_1_200' title='bbox 2239 4240 2498 4289; x_wconf 89' lang='lat' dir='ltr'>morem</span> 
     </span>
    </p>
   </div>
  </div>
 </body>
</html>
