3104 4805
527 379 605 436 9ss
1198 391 1278 437 DE
1323 389 1523 437 REBUS
1569 389 2011 439 FAfflLlAmBUS

528 555 678 602 rum
748 533 869 603 tibi
933 555 1114 603 nunc
1179 534 1497 624 exempla
1556 530 1907 623 proposui,
1979 543 2053 600 ut
2120 530 2212 601 ad
2275 531 2681 603 imitandum

525 655 1061 738 exardescereS,
1108 676 1232 724 nec
1265 653 1617 725 diffideres
1655 650 1802 723 fieri
1838 653 2332 744 posse-iterum
2365 656 2553 746 quod
2580 667 2683 726 to-

530 778 700 847 tiens
760 779 1013 848 factum
1079 787 1207 847 est.
1262 776 1452 847 Licet
1484 777 1572 845 in
1620 777 1906 847 exilium
1969 789 2040 848 et
2089 778 2157 848 in
2210 801 2554 850 carcerem
2613 792 2685 851 et

527 900 592 969 in
634 908 922 969 mortem
964 898 1187 988 ipsam
1228 900 1409 969 ferre
1454 899 1773 968 virtutes.
1821 899 2044 984 Licet,
2091 899 2269 984 dixi,
2324 902 2460 972 imo
2513 923 2682 972 vero

522 1020 826 1114 expedit,
864 1020 1334 1092 necessarium
1372 1031 1510 1104 est,
1548 1031 1839 1112 oportet.
1878 1021 2200 1115 Alioquin
2233 1045 2403 1094 vere
2435 1026 2679 1095 exules

526 1154 687 1213 sunt
724 1144 872 1233 qui,
906 1142 1160 1213 relictis
1187 1141 1317 1225 his,
1348 1141 1636 1226 abeunt,
1674 1164 1839 1213 vere
1874 1143 2142 1235 inopes,
2173 1166 2340 1214 vere
2375 1145 2678 1215 infelices

522 1275 592 1334 et
664 1263 921 1335 miseri.
990 1264 1132 1335 Nec
1198 1264 1367 1334 satis
1432 1273 1542 1334 est
1606 1260 1942 1354 quantum
2012 1265 2339 1338 habueris
2403 1264 2677 1346 efferre;

524 1387 916 1476 plusculum
958 1385 1284 1475 exigitur.
1328 1384 1504 1455 Vide
1542 1407 1751 1476 quam
1804 1397 2125 1459 accurate
2174 1388 2504 1459 viaticum
2555 1409 2677 1478 pa-

527 1517 632 1577 rat
661 1528 953 1599 peregre
985 1507 1450 1598 profecturus:
1494 1505 1837 1598 copiosior
1886 1510 2074 1601 cupit
2124 1530 2306 1592 esse,
2351 1530 2490 1600 quo
2533 1511 2680 1580 lon-

527 1627 684 1717 gius
726 1627 969 1720 pergit.
1015 1627 1361 1720 Optimum
1407 1627 1529 1698 tibi
1581 1627 1652 1697 in
1704 1629 1834 1699 hac
1885 1631 2437 1721 peregrinatione
2476 1632 2677 1702 viati-

526 1771 683 1820 cum
721 1772 816 1821 ex
856 1748 1229 1847 virtutibus
1271 1749 1643 1832 constabit;
1678 1751 1935 1842 quibus
1972 1753 2437 1839 affluentibuS,
2472 1756 2677 1825 etiam

529 1872 588 1942 si
628 1873 950 1943 alimenta
1000 1872 1306 1966 corporis
1361 1872 1619 1957 desint,
1673 1895 1935 1965 pauper
1986 1895 2148 1944 esse
2204 1896 2344 1945 non
2400 1875 2679 1967 poteris.

526 1994 668 2064 Has
710 1995 919 2086 igitur
957 2018 1330 2086 congrega:
1373 1994 1483 2065 his
1528 2005 1595 2066 te
1631 1995 1935 2087 undique
1966 1995 2232 2067 fulcias.
2269 1998 2679 2068 Praeclaram

530 2115 648 2185 tibi
687 2117 905 2187 fuisse
939 2117 1100 2186 olim
1143 2116 1286 2186 scio
1327 2118 1700 2185 multarum
1756 2117 2088 2188 virtutum
2146 2120 2679 2211 supellectilem;

526 2260 663 2309 non
701 2238 1092 2329 importuna
1131 2257 1258 2305 nec
1303 2233 1628 2319 difficilis,
1693 2237 1817 2306 sed
1874 2240 2076 2329 agilis
2124 2252 2194 2311 et
2245 2263 2518 2311 amoena
2568 2261 2681 2309 res

526 2372 654 2431 est.
704 2356 1107 2441 Laboriose,
1163 2360 1411 2440 fateor,
1471 2366 1660 2428 tanta
1711 2379 1825 2428 res
1877 2361 2249 2451 quaeritur:
2310 2373 2676 2446 caeterum,

528 2491 891 2570 postquam
924 2479 1220 2568 quaesita
1244 2478 1471 2561 fuerit,
1505 2478 1655 2549 sine
1682 2479 1917 2550 labore
1943 2482 2444 2554 circumfertur.
2475 2486 2684 2569 Quae-

528 2597 753 2668 sivisti
803 2620 957 2668 eam
1009 2598 1098 2668 ab
1145 2598 1638 2684 adolescentia,
1700 2602 1997 2672 servasti
2049 2626 2203 2673 eam
2264 2604 2479 2674 domi:
2547 2606 2684 2675 noli

526 2743 678 2792 eam
722 2743 904 2792 nunc
946 2722 1178 2792 senior
1215 2733 1285 2793 et
1326 2723 1732 2815 peregrinus
1772 2723 2112 2806 amittere,
2173 2726 2296 2794 sed
2347 2736 2678 2815 quantum

526 2843 830 2915 habuisti
869 2846 983 2915 vel
1022 2865 1107 2916 eo
1154 2843 1583 2936 ampliorem,
1636 2864 1776 2936 quo
1817 2843 2032 2914 maior
2085 2865 2162 2913 se
2211 2842 2512 2913 ostendit
2559 2864 2684 2911 ne-

525 2966 845 3051 cessitaS,
890 2967 1140 3059 perfer.
1183 2967 1623 3057 Quamquam
1664 2964 1736 3035 id
1770 2963 1892 3033 tibi
1924 2963 2182 3033 nolenti
2221 2961 2429 3033 sciam
2465 2984 2682 3032 even—

529 3099 758 3159 turum
810 3099 1052 3182 sponte
1095 3109 1248 3158 sua:
1293 3087 1623 3159 viaticum
1665 3085 1948 3178 quidem
1989 3085 2121 3156 hoc
2157 3106 2507 3176 nunquam
2546 3106 2679 3154 usu

526 3207 980 3290 consumitur,
1022 3209 1149 3280 sed
1183 3220 1479 3299 augetur
1511 3208 1762 3300 potius.
1792 3209 1922 3278 Est
1953 3207 2138 3278 enim
2162 3229 2256 3278 ex
2282 3206 2675 3290 virtutibuS,

526 3351 687 3422 quae
728 3351 864 3400 usu
906 3332 1265 3421 pullulant,
1301 3340 1372 3400 et
1397 3330 1468 3398 in
1495 3330 1745 3402 mediis
1772 3329 2292 3400 difficultatibus
2327 3339 2681 3411 crescunt,

528 3453 1271 3545 donec-possessorem
1316 3474 1520 3523 suum
1563 3453 1654 3524 ad
1706 3473 2109 3544 supremum
2164 3451 2502 3522 felicitatis
2544 3452 2690 3521 cul—

529 3598 689 3646 men
739 3575 1121 3646 evexerint.
1180 3576 1401 3647 Taceo
1453 3597 1636 3646 nunc
1692 3573 1884 3645 exilii
1947 3573 2047 3643 tui
2099 3594 2240 3644 non
2301 3571 2690 3666 spernenda

533 3698 794 3769 solatia.
865 3697 934 3766 Si
1003 3696 1136 3767 sub
1188 3695 1469 3781 Arcton,
1524 3707 1863 3768 aeternum
1906 3695 2074 3766 illud
2129 3694 2434 3791 Scythiae
2484 3695 2684 3785 gelu,

532 3829 652 3887 aut
700 3820 832 3890 sub
880 3819 1146 3891 ardenti
1191 3821 1360 3903 sole,
1409 3819 1825 3911 inhospitale
1879 3818 2120 3888 mundi
2163 3819 2344 3888 latus
2393 3816 2691 3887 incolere

533 3936 896 4022 iubereris,
976 3940 1275 4032 denique
1339 3941 1624 4032 propius
1688 3939 1883 4023 licet,
1976 3939 2101 4010 sed
2168 3950 2369 4009 extra
2433 3935 2689 4007 Italiam

532 4054 902 4147 proiectuS,
957 4058 1252 4130 haberes
1302 4063 1602 4130 fortasse
1655 4058 1918 4151 aliquid
1967 4058 2156 4151 quod
2207 4061 2499 4129 fortunae
2550 4063 2691 4122 tuae

534 4196 779 4267 posses
828 4175 1146 4249 obiicere.
1201 4180 1400 4251 Nunc
1464 4180 1628 4251 vide
1678 4201 1890 4272 quam
1954 4179 2165 4268 digna
2226 4177 2506 4268 querela
2575 4183 2691 4242 tua
