3104 4805
1042 363 1347 412 EPISTOLA
1390 363 1474 412 AD
1515 363 1855 412 POSTEROS.
2491 352 2527 410 9

366 513 668 584 Africam
720 514 907 581 illam
962 523 1218 598 meam,
1284 536 1423 605 qua
1473 534 1699 604 usque
1751 513 1925 583 adeo
1982 512 2360 584 delectatus
2419 525 2528 583 est

363 644 441 704 ut
478 655 634 703 eam
672 632 806 702 sibi
853 632 1134 703 inscribi
1184 654 1437 724 magno
1472 655 1597 724 pro
1632 654 1921 702 munere
1959 643 2297 723 posceret,
2338 635 2525 725 quod

362 777 622 847 negare
663 777 786 826 nec
828 755 1018 845 potui
1061 765 1245 825 certe
1286 777 1411 825 nec
1453 755 1671 838 volui,
1712 776 1920 846 super
1959 776 2042 824 eo
2083 755 2359 825 tandem
2401 779 2526 846 pro

362 901 503 971 quo
542 899 873 948 veneram
923 889 1188 948 certum
1242 877 1411 946 mihi
1462 877 1825 970 deputavit
1869 878 2083 961 diem,
2126 887 2198 946 et
2238 899 2279 946 a
2319 879 2525 946 meri-

362 1002 476 1073 die
517 1001 607 1071 ad
650 1020 1014 1091 vesperam
1056 1021 1167 1069 me
1207 999 1455 1080 tenuit3
1497 1009 1568 1068 et
1609 1000 1952 1090 quoniam,
1985 1009 2336 1068 crescente
2376 1020 2524 1068 ma-

367 1123 560 1206 teria,
605 1121 818 1192 breve
860 1131 1129 1213 tempus
1175 1122 1519 1213 apparuit,
1567 1120 1843 1190 duobus
1889 1121 2228 1211 proximis
2271 1120 2521 1191 diebus

365 1245 547 1315 idem
581 1244 758 1314 fecit.
795 1243 906 1313 Sic
940 1243 1168 1313 triduo
1201 1264 1508 1314 excussa
1543 1243 1932 1332 ignorantia
1969 1264 2141 1326 mea,
2180 1242 2292 1312 die
2325 1243 2525 1313 tertio

370 1387 480 1435 me
521 1365 810 1455 dignum
852 1366 1089 1434 laurea
1135 1364 1485 1435 iudicavit.
1528 1365 1703 1433 Eam
1755 1364 1923 1433 mihi
1962 1365 2245 1456 Neapoli
2284 1363 2527 1434 offere-

366 1485 487 1556 bat
516 1497 586 1556 et
615 1496 695 1555 ut
728 1485 1105 1554 assentirer
1137 1484 1459 1575 precibus
1486 1484 1699 1555 etiam
1734 1483 1968 1555 multis
2003 1485 2318 1575 urgebat.
2346 1485 2526 1554 Vicit

366 1629 560 1678 amor
592 1610 832 1678 Romae
866 1607 1337 1678 venerandam
1402 1608 1570 1677 tanti
1606 1607 1788 1697 regis
1823 1608 2247 1678 instantiam.
2286 1607 2524 1698 Itaque

366 1728 739 1798 inflexibile
779 1729 1213 1821 propositum
1264 1751 1493 1799 meum
1546 1751 1869 1813 cernens,
1925 1730 2187 1799 litteras
2239 1729 2405 1798 mihi
2455 1740 2525 1798 et

365 1833 653 1920 nuncios
714 1851 803 1921 ad
865 1853 1193 1922 Senatum
1257 1854 1643 1922 Romanum
1696 1851 1913 1935 dedit,
1969 1850 2224 1942 quibus
2276 1851 2364 1920 de
2414 1872 2524 1920 me

366 1973 697 2043 iudicium
742 1996 944 2044 suum
989 1995 1243 2064 magno
1286 1977 1524 2043 favore
1565 1974 1921 2065 professus
1962 1981 2101 2041 est:
2144 1972 2332 2063 quod
2370 1972 2524 2061 qui-

365 2095 531 2165 dem
574 2105 734 2166 tunc
774 2096 1096 2167 iudicium
1133 2096 1403 2186 regium
1444 2105 1513 2165 et
1555 2098 1927 2165 multorum
1967 2102 2039 2163 et
2076 2114 2231 2163 meo
2271 2094 2340 2161 in
2384 2092 2522 2183 pri-

368 2218 499 2287 mis
550 2218 804 2289 iudicio
852 2239 1233 2289 consonum
1288 2219 1445 2299 fuit3
1498 2218 1706 2288 hodie
1770 2227 1837 2286 et
1889 2216 2109 2307 ipsius
2166 2225 2237 2286 et
2291 2238 2520 2285 meum

365 2348 438 2408 et
476 2340 780 2410 omnium
822 2341 1001 2411 idem
1045 2340 1481 2411 sentientium
1523 2338 1851 2410 iudicium
1900 2360 2036 2409 non
2077 2337 2314 2431 probo.
2357 2339 2520 2407 Plus

368 2462 437 2529 in
472 2483 630 2530 eum
663 2462 884 2532 valuit
918 2484 1113 2532 amor
1144 2473 1215 2532 et
1250 2463 1496 2532 aetatis
1534 2464 1734 2532 favor
1767 2483 1977 2555 quam
2013 2462 2161 2533 veri
2191 2461 2517 2531 studium.

368 2582 547 2651 Veni
587 2592 831 2666 tamen,
872 2592 943 2653 et
982 2583 1363 2675 quamlibet
1401 2584 1754 2673 indignuS,
1802 2592 1992 2652 tanto
2035 2592 2262 2654 tamen
2304 2585 2520 2654 fretus

370 2687 685 2795 sssusque
732 2704 1010 2790 iudicio,
1061 2726 1333 2775 summo
1373 2728 1531 2775 cum
1576 2705 1831 2795 gaudio
1870 2706 2357 2789 Romanorum,
2402 2705 2520 2797 qui

369 2826 462 2895 illi
514 2827 926 2896 solemnitati
977 2828 1314 2898 interesse
1372 2837 1779 2918 potuerunt,
1827 2829 2133 2897 lauream
2186 2826 2518 2917 poeticam

370 2948 597 3019 adhuc
633 2949 1089 3019 scholasticus
1126 2949 1319 3019 rudis
1358 2937 1656 3040 adeptus*
1690 2970 1865 3018 sum.
1897 2950 1996 3017 De
2029 2946 2284 3039 quibus
2310 2945 2519 3015 etiam

364 3079 437 3139 et
473 3072 775 3141 carmine
813 3079 884 3140 et
926 3074 1149 3142 soluta
1190 3073 1498 3143 oratione
1536 3072 1849 3163 epistolae
1892 3091 2069 3139 meae
2123 3079 2302 3138 sunt.
2355 3068 2522 3136 Haec

368 3192 535 3260 mihi
592 3194 833 3262 laurea
895 3192 1201 3263 scientiae
1261 3193 1465 3277 nihil,
1529 3192 1900 3283 plurimum
1963 3211 2133 3261 vero
2191 3188 2522 3282 quaesivit

369 3313 669 3384 invidiae.
725 3314 861 3384 Sed
919 3315 1072 3384 haec
1132 3337 1408 3406 quoque
1467 3314 1754 3385 historia
1814 3314 2081 3404 longior
2142 3324 2250 3383 cst
2307 3333 2518 3404 quam

368 3445 609 3524 poscat
643 3435 756 3504 hic
796 3437 1008 3505 locus
1055 3436 1219 3506 Inde
1259 3458 1427 3528 ergo
1468 3438 1833 3528 digressus
1874 3438 2195 3506 Parmam
2239 3433 2414 3512 veni,
2451 3441 2520 3500 et

366 3577 526 3623 cum
568 3556 695 3625 illis
739 3557 826 3627 de
877 3558 1187 3648 Corrigia
1240 3560 1410 3629 viris
1463 3560 1535 3627 in
1595 3582 1705 3629 me
1755 3556 2259 3627 liberalissimis
2313 3564 2518 3643 atque

367 3677 662 3766 optimis,
702 3678 825 3748 sed
860 3679 1036 3749 inter
1080 3701 1153 3749 se
1194 3683 1374 3751 male
1413 3678 1889 3761 concordibus
1928 3678 2047 3768 qui
2083 3688 2244 3747 tunc
2276 3675 2517 3744 urbem

369 3796 555 3865 illam
598 3798 714 3866 tali
755 3798 1091 3888 regimine
1135 3800 1620 3889 gubernabant
1659 3802 1863 3893 quale
1904 3820 2030 3868 nec
2073 3807 2227 3867 ante
2267 3796 2336 3864 in
2377 3818 2521 3865 me-

368 3916 588 3985 moria
629 3918 981 3988 hominum
1019 3919 1361 3991 habuerat
1392 3922 1640 3993 civitas
1676 3923 1818 4005 illa,
1857 3942 1984 3991 nec
2020 3931 2223 3990 aetate
2257 3921 2414 4002 hac,-
2447 3930 2520 3988 ut

368 4058 692 4127 auguror,
736 4039 1062 4110 habitura
1104 4053 1235 4126 est,
1285 4043 1784 4136 aliquantulum
1830 4054 2101 4136 tempus
2137 4043 2390 4134 peregi.
2435 4042 2516 4108 Et

370 4162 671 4251 suscepti
727 4184 987 4233 memor
1038 4164 1348 4243 honoris,
1398 4167 1866 4256 sollicitusque
1918 4188 2002 4234 ne
2054 4164 2334 4251 indigno
2382 4162 2521 4230 col—
