3104 4805
962 382 1144 429 Lmen
1187 382 1961 431 &cunnus—nmmos&
2009 385 2046 430 1.
2509 371 2585 431 75

428 527 883 600 amantissimi
925 528 1159 597 fratris
1212 528 1355 597 tui:
1408 538 1478 598 et
1528 550 1738 621 quam
1779 549 2162 599 concussus
2202 539 2396 599 esset
2435 529 2584 598 ani-

426 673 584 721 mus
647 659 809 719 tuus
874 672 971 719 ex
1032 650 1169 718 mei
1232 649 1532 741 pectoris
1598 650 2136 720 mansuetudine
2198 648 2578 733 metiebar,

428 796 553 845 nec
583 770 977 863 cogitabam
1013 771 1354 862 quosdam
1397 772 1579 843 ictus
1619 771 1944 843 invalidis
1985 769 2325 841 tironibus
2365 771 2584 842 fuisse

428 896 847 977 mortiferos,
902 913 1081 985 quos
1134 892 1523 984 sprevisset
1579 894 1777 964 sortis
1828 903 1897 965 et
1937 904 2277 986 expertus
2340 894 2580 964 miles:

428 1017 797 1109 quosdam,
842 1014 1048 1085 alieni
1102 1014 1462 1105 sanguinis
1503 1014 1841 1086 effusione
1882 1016 2311 1108 perterritOS,
2354 1018 2588 1087 excla-

428 1160 688 1223 masse,
719 1138 1177 1229 ingemuisse,
1217 1138 1675 1227 expalluisse,
1717 1157 1909 1230 saepe
1952 1138 2022 1206 in
2061 1139 2390 1209 ecstasim
2424 1160 2587 1209 con-

431 1260 727 1342 cidisse;
778 1282 936 1331 cum
989 1269 1224 1329 tamen
1286 1258 1564 1329 interim
1641 1280 1939 1350 quorum
2016 1259 2126 1329 ille
2189 1259 2586 1352 pectoribus

430 1381 822 1465 emanabat,
882 1380 1071 1451 taciti
1123 1389 1195 1450 et
1244 1380 1571 1472 intrepidi
1623 1389 1919 1464 starent,
1977 1381 2321 1473 siccisque
2369 1384 2587 1454 oculis

432 1507 797 1574 vulnerum
852 1525 1141 1574 suorum
1193 1501 1456 1572 fluenta
1505 1504 2010 1594 conspicerent.
2063 1505 2409 1575 Veneram
2461 1506 2590 1574 ita-

431 1649 567 1718 que
617 1635 941 1710 moestuS‚
987 1624 1189 1698 et'ad
1229 1624 1409 1697 bene
1450 1627 1802 1696 valentem
1860 1624 2173 1697 medicus
2236 1647 2429 1716 aeger
2476 1649 2591 1699 ac-

429 1768 804 1818 cesseram.
855 1748 1099 1818 Inveni
1149 1747 1394 1819 faciem
1447 1756 1669 1828 tuam,
1725 1746 1904 1817 inter
1954 1746 2277 1818 affectum
2329 1747 2589 1819 debitae

432 1870 711 1962 pietatis
750 1892 832 1945 ac
879 1871 1203 1942 decorem
1239 1869 1543 1961 propriae
1587 1868 2004 1952 honestatis,
2044 1870 2369 1939 fraternae
2403 1891 2590 1940 com-

431 1991 777 2082 passionis
841 2003 911 2062 et
960 1993 1178 2065 virilis
1258 1991 1468 2063 animi
1524 1991 1727 2083 signa
1777 1993 2265 2083 perferentem.
2310 1976 2591 2062 Utrumss

429 2136 568 2205 que
617 2112 785 2184 mihi
852 2115 1131 2206 placuit.
1197 2114 1513 2185 Alterum
1584 2114 2226 2198 mansuetudinem,
2292 2115 2585 2183 alterum

432 2234 836 2326 sapientiam
891 2246 1082 2307 tuam
1136 2237 1359 2308 decet.
1414 2238 1808 2306 Humanum
1861 2242 1972 2305 est
2023 2234 2094 2303 in
2153 2244 2374 2305 morte
2426 2256 2589 2305 suo-

433 2377 583 2425 rum
637 2355 912 2447 pietatis
947 2365 1167 2428 testes
1202 2355 1522 2427 lacrimas
1556 2356 1884 2428 sundere:
1917 2354 2121 2426 virile
2155 2366 2266 2427 est
2305 2355 2588 2427 modum

432 2474 564 2545 illis
606 2476 984 2568 imponere,
1023 2500 1313 2570 easque,
1352 2502 1510 2549 cum
1551 2477 1977 2569 aliquamdiu
2004 2478 2360 2562 fluxerint,
2395 2501 2590 2549 coer-

432 2619 612 2667 cere.
655 2598 732 2668 ld
771 2608 839 2668 te
880 2609 1279 2693 utrumque,
1324 2623 1464 2693 qua
1503 2599 1760 2684 decuit,
1815 2599 2162 2692 implesse,
2200 2603 2439 2671 vultus
2492 2602 2591 2670 tui

434 2718 712 2791 habitus
762 2720 1198 2813 designabat.
1241 2721 1713 2794 Accesserunt
1754 2731 1825 2792 et
1862 2721 2083 2792 verba
2125 2723 2588 2793 maximorum

431 2838 632 2925 plena
683 2858 1051 2921 sensuum,
1094 2861 1190 2908 ex
1229 2839 1487 2931 quibus
1529 2860 1687 2928 eg0,
1732 2839 1854 2930 qui
1893 2837 2296 2908 consolandi
2338 2859 2588 2928 propo-

434 2957 562 3026 sito
611 2959 1074 3043 adveneram,
1130 2982 1269 3030 non
1320 2970 1461 3031 tam
1515 2960 1639 3030 tibi
1699 2982 1904 3052 opem
1966 2979 2194 3027 meam
2258 2979 2587 3028 necessa-

433 3078 600 3147 riam
649 3080 975 3170 cognovi,
1029 3103 1241 3172 quam
1294 3082 1446 3175 ipse
1498 3085 1808 3152 solamen
1871 3080 2057 3151 curis
2121 3079 2295 3150 meis
2360 3079 2586 3150 elicui.

428 3200 609 3270 Nihil
635 3224 806 3293 ergo
836 3203 1264 3273 consolantis
1298 3203 1368 3273 in
1403 3225 1668 3275 morem
1702 3206 2136 3296 loquuturuS,
2164 3202 2390 3285 laud0,
2428 3223 2589 3293 pro-

433 3322 552 3405 ho,
581 3323 880 3395 admiror
915 3334 985 3395 et
1021 3334 1269 3417 stupeo
1295 3325 1846 3415 magnitudinem
1882 3325 2094 3396 animi
2118 3324 2239 3394 tui.
2276 3323 2588 3394 Fratrem

433 3443 765 3533 optimum
793 3445 1122 3526 amisisti3
1150 3445 1290 3514 imo
1315 3466 1488 3515 vero
1513 3466 1653 3515 non
1680 3446 2007 3529 amisisti,
2039 3445 2166 3515 sed
2201 3444 2270 3513 in
2297 3443 2590 3533 patriam

431 3564 860 3653 praemisisti,
915 3566 1006 3636 ad
1055 3589 1264 3659 quam
1310 3565 1433 3636 tibi
1475 3586 1756 3657 quoque
1797 3564 2221 3635 veniendum
2263 3571 2396 3631 est.
2454 3561 2592 3632 Sed

431 3684 793 3774 loquamur
843 3696 920 3756 ut
981 3690 1280 3778 vulgus,
1337 3708 1475 3755 non
1539 3684 1924 3756 sentiamus
1977 3693 2054 3752 ut
2104 3683 2394 3770 vulgus:
2454 3681 2594 3748 t'ra-‘
2647 3729 2674 3744 .

435 3810 611 3872 trem
675 3808 989 3879 amisisti.
1056 3809 1209 3878 Non
1266 3809 1633 3879 amisisses
1684 3807 1819 3876 nisi
1869 3808 2045 3875 soret
2097 3803 2208 3872 ille
2258 3801 2594 3871 mortalis.

432 3925 733 4006 Querela
782 3938 892 3997 est
938 3928 1155 4021 igitur
1203 3952 1342 4000 non
1392 3930 1484 4001 de
1538 3929 1744 3998 unius
1798 3926 2097 3997 hominis
2159 3932 2409 4007 morte,
2467 3922 2596 3993 sed

432 4044 519 4113 de
568 4050 985 4120 mortalitate
1035 4061 1336 4135 naturae‚
1391 4073 1554 4144 quae
1605 4072 1733 4121 nos
1784 4071 1868 4118 ea
1909 4050 2064 4138 lege
2098 4045 2485 4116 introduxit
2526 4045 2595 4113 in

434 4166 609 4240 hanc
659 4172 911 4254 vitam,
964 4183 1039 4242 ut
1093 4173 1593 4261 egrederemur
1632 4173 1723 4245 ad
1762 4168 2162 4241 revocantis
2205 4168 2597 4259 imperium.
