3104 4805
1155 420 1688 471 PROLEGOHENON.
2404 422 2465 471 CI

767 574 896 614 eum
925 556 1143 612 misisse
1170 576 1181 611 :
1223 557 1292 612 de
1319 556 1482 612 laude
1510 556 1737 613 tandem
1772 573 1805 612 e
1840 563 2128 630 poetarum
2156 559 2340 615 studio
2366 558 2473 632 ipsi

762 648 1012 720 quaesita.
2543 637 2552 642 ’

362 740 466 814 Ep.
546 739 602 794 5.
646 738 971 793 Fimncxsco
1000 737 1211 791 Pmom
1241 734 1339 789 SS.
1371 735 1589 790 Apes-r.
1611 766 1683 777 —
1702 736 1836 790 Iam
1864 737 2139 792 celerans.

692 827 835 897 Ary.
878 825 1058 889 Quam
1096 823 1167 879 sit
1203 822 1427 877 difficile
1464 822 1636 877 animi
1672 839 1873 878 sensus
1908 825 2153 879 oratione
2191 825 2468 897 pandere:

767 930 934 986 quam
964 913 1066 968 sibi
1097 913 1257 968 dulce
1284 913 1356 967 ab
1383 929 1449 968 eo
1477 918 1683 985 praeter
1708 913 1972 967 meritum
2009 912 2162 984 diligi
2188 919 2243 968 et
2268 914 2326 969 in
2353 932 2475 987 pre-

760 1003 834 1058 tio
877 1001 1107 1055 haberi:
1155 1017 1257 1056 cur
1292 1001 1538 1056 carmina
1575 1001 1681 1072 ipsi
1718 1000 1898 1056 dicata
1934 1001 2187 1057 nondum
2221 1004 2469 1059 miserit:

765 1089 1088 1145 Pontificem
1117 1088 1323 1144 bonam
1351 1105 1508 1160 spem
1538 1088 1607 1142 de
1635 1089 1952 1143 valetudine
1980 1106 2083 1144 sua
2108 1089 2375 1161 praebere.

365 1182 470 1255 ΕΡ.
549 1181 604 1237 6.
647 1180 928 1235 P111L11>1>0
958 1177 1149 1232 EmSC.
1183 1177 1563 1232 CAvALLmEN.
1585 1207 1658 1217 —
1678 1177 1753 1232 In
1779 1178 2080 1233 Helicona.

695 1269 838 1340 Ary.
863 1266 1128 1333 Queritur
1145 1265 1249 1321 sibi
1268 1266 1337 1320 de
1356 1266 1476 1320 eius
1489 1266 1548 1319 in
1568 1265 1768 1319 urbem
1788 1264 2217 1321 Cavauioensem
2236 1266 2477 1322 adventu

766 1356 921 1410 nihil·
930 1355 1105 1409 fuisse
1135 1354 1480 1408 nunciatum.

367 1445 476 1518 ΕΡ.
554 1444 608 1499 7.
651 1443 925 1499 BARBAro
951 1443 1337 1498 suumomni-tsi.
1363 1443 1612 1497 —Dum
1641 1442 1721 1496 ad
1748 1446 1802 1496 te
1821 1459 1990 1514 pars.

694 1532 839 1604 Ary.
879 1531 1117 1585 Litteras
1144 1531 1264 1585 eius
1291 1546 1415 1586 sero
1440 1531 1609 1585 nimis
1638 1530 1743 1586 sibi
1772 1531 2014 1588 redditas
2041 1532 2314 1605 queritur.
2337 1530 2480 1587 Lau·

767 1621 861 1675 dat
886 1620 1197 1675 Robertum
1226 1620 1437 1690 Regem
1465 1625 1523 1675 et
1550 1621 1710 1691 regni
1738 1626 1943 1676 sortem
1972 1622 2155 1677 deflet.
2195 1622 2344 1677 Bene
2369 1623 2478 1676 sac-

766 1715 888 1763 tum
918 1725 1038 1763 esse
1067 1707 1217 1780 quod
1247 1708 1441 1763 Romae
1470 1724 1618 1762 anno
1656 1707 1870 1764 lubilaei
1905 1709 2072 1764 simul
2098 1724 2212 1764 non
2248 1709 2473 1764 suerint.

771 1798 852 1853 De
879 1798 1064 1854 Africa
1093 1815 1194 1853 sua
1222 1814 1281 1853 se
1308 1799 1367 1852 in
1397 1799 1823 1871 praesentiarum
1852 1814 1966 1854 non
1993 1799 2249 1869 cogitare.

367 1888 475 1962 Ep.
553 1887 610 1944 8.
654 1885 864 1941 IAcono
892 1885 1287 1941 FLOREN'rmo.
1308 1916 1381 1928 —
1398 1888 1560 1941 More
1587 1903 1714 1941 meo
1739 1903 1952 1959 nuper.

700 1974 846 2046 Ar9.
888 1974 958 2029 Se
985 1973 1058 2028 ad
1083 1973 1295 2029 sontem
1324 1975 1533 2044 Sorgiae
1570 1974 1728 2029 beate
1762 1974 1975 2046 vivere,
2006 1980 2061 2030 et
2090 1975 2368 2031 Ciceronis
2404 1975 2480 2032 le-

772 2062 951 2117 ctione
976 2078 1147 2133 quam
1174 2062 1411 2116 maxime
1439 2061 1721 2116 delectari.

356 2155 476 2228 Ep.
557 2154 613 2210 9.
657 2153 977 2209 ΡΗΑΝοιεαο
1006 2153 1218 2208 Pmom
1246 2152 1344 2207 SS.
1376 2151 1828 2208 Aposrononmoe.
1851 2181 1924 2193 -
1941 2151 2262 2224 Nunquam
2287 2158 2429 2209 tam.

697 2242 841 2314 Ary.
884 2241 955 2297 Se
992 2242 1142 2296 curis
1179 2240 1442 2295 obrutum
1479 2245 1667 2295 tamen
1694 2238 1763 2293 ad
1801 2239 2157 2295 scribendum
2184 2240 2390 2295 amoris
2425 2240 2480 2295 vi

769 2331 981 2405 impelli
1006 2349 1017 2384 :
1051 2347 1195 2401 aegre
1224 2330 1392 2385 nimis
1419 2330 1478 2383 in
1508 2328 1663 2384 curia
1692 2328 1873 2383 adhuc
1902 2328 2127 2384 morari.

372 2425 478 2498 Ep.
520 2423 611 2479 10.
654 2421 899 2477 Ionam
928 2434 1001 2475 nn
1030 2419 1354 2474 CER-ranno,
1377 2449 1450 2459 —
1470 2418 1557 2473 Ne
1579 2420 1958 2490 praeteritum
1985 2425 2058 2474 te.

696 2513 841 2584 Arq.
881 2509 1087 2567 Scribit
1122 2526 1192 2564 ne
1228 2508 1432 2564 oblitus
1460 2508 1581 2563 eius
1607 2508 1889 2578 videatur,
1928 2515 1983 2564 et
2022 2510 2172 2566 dolet
2206 2526 2266 2565 se
2294 2509 2477 2565 adhuc

770 2601 829 2654 in
857 2600 1012 2654 curia
1037 2598 1263 2653 versari.

376 2691 479 2764 Ep.
519 2690 611 2746 11.
652 2690 1103 2746 Bam-noiomo
1132 2688 1322 2744 Elusa.
1354 2688 1677 2744 Tnmrmo.
1699 2717 1771 2728 —
1795 2686 1960 2752 Quod
1984 2692 2223 2742 natura.

700 2781 845 2852 Arq.
884 2778 1281 2851 Laudatquod
1310 2795 1469 2850 aequo
1497 2778 1684 2833 animo
1711 2793 1770 2831 se
1795 2776 2119 2832 Pontificem
2146 2774 2479 2830 Theatinum

771 2867 1086 2923 renunciari
1123 2883 1322 2938 passus
1359 2866 1449 2920 sit.
1490 2865 1856 2934 Ammonem,
1884 2865 2033 2919 unde
2062 2879 2122 2918 se
2149 2862 2333 2916 divelli
2365 2878 2478 2917 non

770 2970 931 3026 posse
968 2953 1146 3021 timet,
1177 2952 1334 3008 valde
1360 2953 1653 3024 vituperat.
1684 2951 1897 3005 Laudat
1923 2950 2212 3006 Nicolaum
2239 2948 2481 3004 Acciaio-

773 3042 892 3097 lum
921 3047 975 3098 et
1000 3044 1229 3098 fratrem
1257 3043 1376 3097 eius
1401 3042 1742 3114 episcopum.

374 3134 479 3206 Ep.
520 3131 611 3187 12.
653 3130 976 3186 mectsco
1004 3131 1214 3186 Pmom
1242 3130 1339 3186 SS.
1371 3131 1825 3185 Aposromnma.
1847 3128 2244 3200 -Nusquam
2268 3131 2414 3183 tuta.

705 3222 848 3292 Ary.
891 3220 1226 3292 Episcopum
1271 3220 1631 3275 florentinum
1678 3235 1847 3291 quem
1900 3235 2089 3274 secum
2139 3233 2482 3291 pransurum

774 3309 1094 3381 expectabat
1137 3308 1247 3363 fide
1292 3308 1395 3363 sibi
1438 3307 1740 3363 decessisse
1782 3308 2069 3379 queritur:
2118 3308 2216 3363 sed
2251 3308 2482 3380 epistola

777 3397 1028 3451 nondum
1056 3395 1309 3451 absoluta
1326 3436 1341 3465 ‚
1368 3396 1529 3450 illum
1557 3397 1841 3452 advenisse
1868 3395 2175 3452 renunciat.

377 3486 483 3558 Ep.
526 3484 617 3540 13.
658 3484 982 3541 anmsco
1012 3487 1220 3541 Pmom
1247 3484 1344 3540 SS.
1375 3486 2131 3542 Arosr0L.-Ridiculum.

705 3575 848 3647 Ary.
886 3574 1130 3629 Nunciat
1156 3590 1275 3628 rem
1293 3574 1543 3629 Ubertini
1562 3574 1819 3629 monachi
1838 3590 1869 3626 a
1888 3591 1947 3628 se
1971 3577 2322 3645 procuratam
2339 3571 2481 3625 hene

776 3663 1036 3733 cessisse,
1065 3663 1227 3734 eique
1256 3663 1405 3736 quod
1442 3663 1712 3717 auxilium
1749 3664 1806 3715 in
1842 3661 1900 3715 id
1927 3660 2244 3733 praestiterit
2278 3660 2480 3731 gratias

776 3751 906 3821 agit.

374 3841 486 3912 Ep.
532 3839 622 3893 14.
664 3838 909 3895 ῙοΗΑΝΝι
936 3840 1525 3897 Barium—Mirum
1555 3842 1730 3896 dictu.

708 3930 850 4000 Ar9.
892 3930 1162 3986 Hortatur
1194 3937 1259 3986 ut
1292 3937 1535 3986 veterem
1574 3947 1701 3987 cum
1738 3930 1963 3985 Nicolao
1990 3930 2263 3987 Acciaiolo
2300 3931 2484 3986 amici-

779 4019 913 4072 tiam
955 4018 1256 4088 instauret,
1296 4025 1351 4075 et
1386 4019 1693 4075 secundum
1721 4019 1968 4074 Platonis
2005 4020 2335 4074 sententiam
2369 4018 2485 4074 ani-

783 4121 932 4160 mam
950 4107 1273 4191 ‘humanam
1304 4125 1407 4180 pro
1435 4109 1665 4166 diversis
1691 4108 2042 4165 facultatibus
2077 4108 2307 4165 diversis
2342 4108 2484 4165 sedi-

782 4194 886 4252 bus
913 4198 1211 4255 consistere
1238 4198 1411 4254 docet.
