3104 4805
543 355 664 417 246
1219 364 1301 412 ns
1344 360 1545 411 assus
1587 359 2033 410 rAumAnmus

543 508 632 581 de
673 507 940 601 patroni
991 505 1159 576 iocis
1210 503 1460 575 librum
1513 501 1889 596 scripserit.
1945 500 2084 571 Cur
2133 521 2271 571 non
2322 501 2705 593 piscatores

545 643 668 704 aut
699 631 1001 722 remiges
1034 636 1156 700 aut
1188 628 1323 699 tale
1356 627 1635 720 aliquid,
1665 626 1826 720 quia
1850 627 2087 696 forsan
2119 632 2241 695 aut
2275 623 2466 695 hami
2500 625 2701 712 iactu,

547 764 667 826 ant
701 752 871 825 remi
904 760 1127 823 tractu
1162 749 1232 820 in
1269 747 1637 822 solitudine
1667 749 1874 842 positi
1911 748 2220 819 animum
2261 751 2708 821 relaxarunt?

544 876 671 946 Vis
711 895 798 945 ne
853 882 927 945 tu
976 871 1149 944 mihi
1198 880 1628 944 castrensem
1671 892 1938 944 morem
1991 871 2250 944 scholis
2292 872 2576 955 inferre,
2607 881 2703 956 ut,

547 998 729 1069 sicut
787 1017 1006 1067 unum
1056 994 1366 1066 duellum
1417 995 1805 1087 Torquatos
1856 1005 2065 1088 atque
2130 993 2471 1066 Corvinos
2520 994 2702 1077 fecit,

548 1119 650 1192 sic
690 1138 829 1191 una
867 1117 1088 1189 oratio
1137 1126 1413 1210 poetam
1454 1115 1697 1187 faciat?
1735 1116 2269 1190 Perseverantia
2309 1114 2706 1208 requiritur.

550 1242 744 1312 Unus
784 1251 982 1312 actus
1023 1237 1337 1310 habitum
1379 1259 1518 1312 non
1568 1238 1855 1312 inducit.
1907 1241 2076 1312 Haec
2116 1240 2476 1311 hactenus.
2528 1237 2704 1309 Nam

548 1362 640 1434 de
678 1362 900 1433 Ennio
941 1381 1023 1431 ac
1056 1360 1275 1432 Statio
1308 1360 1379 1431 in
1421 1361 1666 1433 ultima
1697 1361 1993 1457 epistola
2025 1363 2215 1433 nulla
2248 1360 2500 1432 mentio
2530 1368 2705 1431 erat.

551 1483 790 1565 Credo,
829 1504 1171 1554 annorum
1205 1504 1578 1555 numerum
1611 1484 1682 1554 in
1716 1483 1973 1576 digitos
2015 1482 2387 1556 reduxisti.
2425 1481 2710 1554 Postre-
2745 1487 2750 1488 ’

551 1627 666 1678 mo
729 1606 820 1679 ad
883 1606 1075 1677 illum
1128 1608 1413 1699 longum
1464 1617 1675 1701 atque
1723 1607 2123 1678 continuum
2185 1604 2518 1677 orationis
2570 1612 2713 1676 tuae

552 1738 851 1814 textum,
895 1728 1017 1800 ubi
1067 1727 1395 1801 omnibus
1444 1729 1673 1800 modis
1714 1728 1990 1799 efficere
2043 1727 2287 1799 studes
2330 1737 2409 1798 ut
2456 1726 2713 1798 iniuste

550 1851 912 1924 monuisse
949 1851 1212 1938 videar,
1250 1852 1440 1945 quod
1471 1850 1750 1943 ingenio
1790 1860 1911 1921 tuo
1944 1850 2111 1921 nihil
2149 1850 2567 1943 impervium
2603 1849 2708 1935 sit,

550 1974 721 2046 nihil
762 1974 954 2047 aliud
992 1975 1311 2060 dixerim,
1346 1974 1479 2046 nisi
1519 1973 1711 2067 quod
1750 1973 1927 2046 bene
1969 1973 2092 2044 tibi
2132 1980 2261 2056 est,
2308 1972 2368 2043 si
2408 1972 2589 2044 hanc
2628 1972 2716 2044 de

556 2097 766 2170 rebus
805 2098 945 2169 tuis
985 2098 1371 2191 opinionem
1414 2095 1660 2170 habes.
1695 2097 1802 2168 Oh
1843 2106 1910 2169 te
1953 2108 2072 2170 tuo
2095 2097 2584 2191 qualicumque
2613 2096 2714 2165 iu-

555 2220 738 2293 dicio
800 2218 1103 2290 felicem!
1159 2217 1267 2289 Oh
1316 2218 1582 2290 utinam
1648 2220 1831 2292 hanc
1879 2241 1994 2292 me
2057 2228 2277 2293 artem
2345 2230 2417 2290 et
2465 2217 2717 2291 docere

556 2342 787 2435 possis
837 2351 910 2413 et
958 2339 1245 2424 doceaS,
1298 2362 1438 2433 qua
1493 2341 1654 2415 talia
1704 2344 1854 2446 ips'e
1894 2343 2062 2414 mihi
2105 2343 2193 2415 de
2245 2364 2357 2415 me
2401 2341 2715 2415 noverim

558 2464 860 2536 conflare
896 2461 1172 2533 iudicia.
1207 2462 1458 2534 Nescio
1490 2463 1677 2534 enim
1711 2487 1801 2536 an
1834 2467 2084 2537 melius
2122 2468 2212 2538 sit
2246 2467 2596 2538 interdum
2630 2465 2722 2536 de

557 2605 796 2656 errore
846 2582 1181 2674 gaudere,
1233 2605 1444 2676 quam
1497 2606 1774 2678 semper
1820 2585 1912 2657 de
1960 2590 2252 2659 veritate
2300 2589 2559 2660 dolere.
2611 2588 2721 2659 Ad

560 2707 632 2780 id
679 2727 849 2778 vero
887 2705 1076 2797 quod
1115 2726 1230 2774 me
1279 2708 1477 2776 velut
1517 2705 1766 2776 iuratae
1817 2706 2082 2778 militiae
2122 2709 2556 2781 desertorem
2607 2731 2719 2781 ar-

561 2826 738 2917 guiS,
784 2825 1136 2917 quoniam,
1168 2848 1328 2898 cum
1361 2826 1674 2897 maxime
1696 2825 1943 2898 florere
1969 2826 2367 2921 inciperem,
2406 2828 2715 2898 studium

560 2947 734 3018 iuris
776 2947 1295 3042 Bononiamque
1332 2948 1748 3033 dimiserim,
1793 2948 2124 3042 expedita
2165 2946 2529 3041 responsio
2578 2955 2711 3031 est,

561 3069 886 3161 quamvis
928 3068 1052 3140 tibi
1092 3080 1163 3140 et
1201 3070 1551 3143 civitatem
1592 3069 1779 3141 illam
1813 3079 1885 3141 et
1925 3069 2232 3142 studium
2275 3069 2722 3160 singulariter

565 3192 936 3263 illustranti
974 3189 1284 3277 minime,
1328 3202 1408 3263 ut
1446 3191 1762 3278 arbitror,
1805 3192 2164 3289 placitura.
2208 3192 2554 3276 Quoniam
2593 3192 2725 3262 ita—

567 3337 708 3408 que
740 3312 911 3387 satis
949 3315 1365 3407 excogitavi,
1404 3315 1474 3386 id
1516 3323 1736 3387 totum
1776 3315 1995 3387 silebo
2027 3340 2167 3409 quo
2199 3317 2454 3388 factum
2489 3337 2728 3387 meum

571 3437 747 3511 tueri
776 3440 989 3522 sole03
1016 3439 1146 3510 fuit
1168 3438 1354 3510 enim
1380 3438 1538 3510 haec
1565 3437 1732 3510 mihi
1750 3438 2051 3533 quaestio
2077 3460 2269 3535 saepe
2293 3461 2454 3511 cum
2471 3437 2723 3522 multiS,

567 3561 919 3654 praecipue
980 3583 1142 3634 cum
1193 3559 1497 3633 Oldrado
1556 3561 1911 3634 Laudensi
1969 3562 2460 3635 iurisconsulto
2493 3569 2730 3632 nostra

571 3695 780 3755 aetate
819 3685 1228 3758 clarissimo.
1284 3686 1428 3757 Hoc
1466 3707 1684 3756 unum
1725 3696 1839 3757 est
1886 3684 2074 3779 quod
2117 3686 2313 3757 salva
2362 3681 2730 3755 concordia

572 3803 710 3876 dici
775 3814 1026 3897 potest.
1095 3805 1279 3877 Nihil
1352 3816 1593 3878 contra
1662 3816 1982 3879 naturam
2053 3806 2229 3878 bene
2302 3804 2422 3876 fit:
2489 3805 2729 3875 solitu-

571 3924 755 3996 dinis
807 3937 1188 3999 amatorem
1242 3928 1356 4001 illa
1403 3952 1519 4001 me
1560 3931 1820 4021 genuit,
1873 3952 2013 4001 non
2062 3930 2213 4001 fori.
2267 3929 2577 4023 Denique
2630 3926 2731 3998 sic

576 4044 860 4131 habeto,
915 4069 1029 4119 me
1084 4062 1205 4122 aut
1267 4050 1438 4123 nihil
1500 4075 1807 4145 unquam
1875 4054 2165 4147 provide
2216 4053 2489 4136 fecisse,
2542 4049 2732 4142 quod

578 4166 801 4255 magis
842 4180 1008 4259 puto
1038 4196 1051 4251 3
1087 4184 1206 4244 aut
1240 4176 1299 4244 si
1331 4173 1734 4268 quidquam,
1774 4175 2001 4247 hocin
2035 4176 2304 4271 primis,
2344 4197 2480 4246 non
2506 4169 2733 4245 audeo
