3104 4805
1167 343 1691 393 PROLEGOMENON.
2443 347 2505 393 lx

336 483 484 538 XIV.
525 481 693 538 1601.
738 481 831 535 Fr.
872 480 1182 536 Petrarchae
1217 482 1307 553 (ut
1340 480 1564 554 supra).
1604 481 1860 552 Lugduni
1897 499 1996 553 per
2040 483 2354 537 Samuelem
2393 482 2507 538 Cri-

819 570 1063 642 spinum.

648 711 655 714 .
741 657 989 712 Rossetti
1016 658 1142 712 Cat.
1173 656 1315 712 339.

365 747 482 802 XV.
524 746 695 803 1601.
738 746 832 800 Fr.
863 746 1174 800 Petrarchae
1203 745 1572 818 Epistolarum
1592 747 1861 802 omnium.
1885 747 2125 803 Coloniae
2145 750 2505 821 Allobrogum

813 853 903 908 ap.
935 835 1251 889 Samuelem
1280 834 1613 907 Crispinum.
1644 835 1907 907 (Lazzeri
1931 839 2031 893 ubi
2054 839 2211 913 sup.)

338 925 484 980 XVI.
527 924 698 980 1601.
740 922 835 978 Fr.
892 923 1204 978 Petrarehae
1258 923 1438 995 Opera
1491 924 1696 980 omnia.
1744 925 2004 997 Lugduni
2057 943 2144 999 ap.
2194 928 2505 984 Samuelem

817 1013 1155 1086 Crispinum.

746 1104 985 1159 Lazzeri
1009 1108 1075 1158 ut
1098 1120 1226 1174 sup.
1254 1102 1429 1173 fidem
1453 1109 1724 1174 sequutus
1749 1104 1925 1176 Pope.

749 1194 1013 1258 Quatuor
1032 1192 1139 1245 has
1159 1206 1301 1261 quas
1320 1191 1523 1245 ultimo
1544 1193 1661 1247 loeo
1680 1194 1944 1249 recensui
1961 1194 2263 1263 editiones,
2283 1196 2513 1251 diversa

819 1281 1083 1352 quamvis
1106 1282 1208 1336 sub
1231 1284 1445 1352 fronte,
1467 1283 1544 1336 ad
1562 1300 1744 1338 unam
1765 1290 1992 1339 tantum
2010 1286 2216 1340 reduci
2231 1286 2510 1357 suspicor.

820 1368 1223 1439 Lugdunensis
1250 1355 1407 1422 enim
1435 1368 1620 1441 (XIV)
1645 1386 1764 1442 qua
1787 1389 1924 1426 usus
1950 1388 2048 1443 eqo
2075 1389 2227 1439 sum,
2253 1373 2513 1443 sinqulas

826 1459 1051 1512 litteras
1085 1457 1292 1512 iisdem
1330 1459 1499 1513 habet
1528 1461 1892 1529 paginarum
1927 1462 2190 1516 numeris
2216 1461 2514 1516 distinctas

820 1549 1024 1620 quibus
1048 1548 1445 1603 Tirabosehius
1472 1553 1527 1602 et
1551 1549 1847 1604 Mehusius
1877 1551 2099 1606 litteras
2119 1552 2349 1605 easdem
2366 1554 2513 1622 refe-

820 1642 966 1692 runt
981 1638 1044 1691 in
1062 1638 1408 1693 editionibus
1430 1638 1747 1693 Genevensi
1764 1643 1818 1692 et
1835 1640 1999 1693 Petri
2015 1642 2349 1695 Roveriani.
2372 1642 2514 1696 Vero

821 1728 1009 1799 iyitur
1032 1728 1223 1782 simile
1242 1733 1389 1798 puto
1417 1745 1604 1783 unam
1630 1728 2004 1798 eamdemque
2030 1730 2342 1784 editionem
2365 1730 2515 1801 Luy-

824 1817 998 1885 duni,
1023 1818 1263 1872 Genevoe
1289 1822 1343 1871 et
1375 1817 1630 1871 Colonioe
1657 1817 2054 1887 Allobroyum,
2073 1817 2324 1888 itemque
2343 1823 2396 1872 et
2415 1820 2519 1873 Sa-

824 1906 1033 1960 muelis
1057 1905 1322 1976 Crispini
1339 1909 1392 1958 et
1410 1904 1576 1957 Petri
1594 1903 1913 1958 Roveriani
1928 1904 2171 1959 nomina'
2180 1922 2317 1977 proe
2332 1922 2390 1959 se
2405 1909 2519 1978 fer-

825 2011 913 2048 re:
933 1999 986 2048 et
1001 1996 1155 2065 falsa
1175 1994 1449 2065 opinione
1469 1994 1727 2065 deceptos
1746 1994 1902 2065 Pope
1922 1994 2304 2049 etLazzarum
2323 1996 2519 2049 omnia

829 2084 1121 2139 Petrarcae
1168 2101 1350 2155 opera
1401 2084 1489 2138 vel
1538 2085 1808 2155 epistolas
1862 2101 2056 2139 omnes
2107 2086 2521 2156 comprehensa

829 2173 1039 2228 dixisse
1065 2175 1132 2228 in
1167 2173 1417 2228 editione
1460 2173 1838 2246 Lugdunensi
1873 2174 2019 2229 anni
2060 2172 2212 2229 1601
2231 2214 2249 2242 ‚
2288 2191 2418 2246 quoe
2456 2176 2521 2229 li-

826 2264 957 2317 bros
1002 2268 1231 2318 tantum
1284 2264 1337 2317 X
1348 2263 1462 2319 VII
1501 2264 1936 2336 Epistolarum,
1980 2265 2197 2318 scilicet
2240 2264 2522 2319 Familia-

828 2353 992 2408 rium
1012 2352 1103 2408 XI
1109 2354 1180 2422 V‚·
1218 2352 1454 2422 Varias,
1484 2353 1625 2410 Sine
1652 2353 1849 2421 titulo,
1871 2357 1923 2406 et
1950 2352 2046 2408 Ad
2082 2353 2243 2408 Viros
2269 2353 2520 2409 illustres

832 2443 1246 2513 complectitur.
1274 2439 1292 2472 ¹

373 2726 491 2788 lam
530 2740 687 2786 vero
732 2736 929 2802 quum
969 2720 1185 2799 viginti
1228 2728 1491 2800 quatuor
1526 2728 1593 2785 ut
1626 2722 1898 2785 diximus
1924 2723 1985 2783 in
2019 2721 2207 2785 libros
2243 2722 2521 2803 epistolas

374 2833 458 2897 De
488 2831 671 2892 rebus
704 2826 1124 2909 familiaribus
1156 2827 1512 2891 Franciscus
1561 2829 1688 2909 ipse
1729 2827 2105 2905 diribuisset,
2151 2828 2312 2892 haud
2350 2828 2522 2890 facile

378 2935 679 3014 quispiam
712 2932 992 2996 divinare
1024 2931 1251 3011 poterit
1280 2949 1395 2995 eur
1427 2934 1655 2996 factum
1690 2933 1795 3009 sit,
1832 2938 1899 2993 ut
1931 2932 1994 2992 in
2028 2931 2314 2994 omnibus
2341 2948 2524 3011 supra

380 3037 692 3100 recensitis
726 3036 1093 3099 saeculorum
1127 3034 1222 3097 XV
1249 3043 1308 3098 et
1339 3035 1459 3098 XVI
1494 3036 1864 3099 editionibus
1893 3042 2027 3097 octo
2073 3041 2306 3097 tantum
2339 3035 2523 3115 primi

381 3157 455 3205 ex
487 3141 565 3204 iis
595 3140 827 3204 fuerint
852 3140 1107 3219 vulgati,
1142 3141 1289 3204 dum
1316 3156 1349 3202 e
1375 3140 1518 3203 XVII
1543 3140 1715 3203 libris
1739 3140 1964 3218 quibus
1997 3139 2228 3203 Seniles
2255 3147 2527 3203 constant

384 3248 578 3310 nullus
621 3247 682 3308 in
727 3247 802 3310 iis
846 3246 1240 3310 desideretur.
1295 3245 1360 3308 Si
1412 3245 1562 3325 quid
1609 3246 1671 3307 in
1720 3246 1974 3309 huiusce
2016 3246 2108 3308 rei
2161 3246 2525 3309 obscuritate

388 3351 531 3412 mihi
558 3350 865 3413 coniicere
896 3350 1099 3427 liceat,
1136 3350 1330 3414 dicam
1362 3351 1633 3430 profecto
1667 3354 1829 3430 quod
1855 3352 2069 3415 sentio,
2098 3350 2391 3415 Omnibus
2415 3366 2527 3426 ego

386 3455 788 3534 Epistularum
842 3456 1141 3520 Francisci
1189 3451 1485 3520 Petrarcae
1545 3457 1909 3520 editionibus
1960 3455 2251 3535 temporis
2302 3468 2525 3533 praero-

390 3561 581 3635 gativa
612 3566 902 3640 praestare
936 3561 1100 3624 illam
1132 3577 1352 3624 censeo
1385 3578 1569 3640 quam
1595 3579 1778 3641 supra
1811 3573 1875 3623 n0
1905 3561 1951 3623 ΙΙ
1984 3560 2326 3624 distinctam
2350 3556 2525 3618 adno-

391 3663 533 3738 tavi,
568 3678 709 3725 eam
742 3662 965 3726 scilicet
999 3680 1185 3743 quam
1218 3680 1374 3727 anno
1408 3665 1564 3727 1492
1606 3666 1822 3727 fratres
1864 3663 1950 3724 De
1993 3659 2303 3738 Gregoriis
2345 3658 2527 3721 Vene-

391 3769 489 3832 tiis
530 3770 594 3831 in
637 3771 839 3832 lucem
881 3770 1208 3849 protulere.
1241 3771 1661 3849 Praeterquam
1695 3768 1858 3848 quod
1891 3764 2055 3830 enim
2094 3766 2531 3844 praecedentem

394 3874 716 3937 editionem
735 3875 879 3936 anni
899 3875 1058 3936 1484
1077 3891 1110 3937 3
1132 3876 1409 3939 Baldellio
1430 3876 1674 3939 citatam
1693 3889 1874 3937 nemo
1896 3879 2176 3937 nostrum
2193 3871 2529 3951 hucusque,

511 4049 526 4082 ¹
562 4049 742 4100 Libros
766 4049 817 4099 in
841 4049 1025 4112 quibus
1047 4049 1126 4100 vel
1150 4051 1394 4101 anteactis
1416 4049 1731 4114 temporibus
1754 4047 1833 4097 vel
1855 4054 2028 4099 nostra
2051 4048 2144 4097 hae
2160 4050 2307 4095 aetate
2329 4044 2410 4093 vix
2433 4056 2532 4093 una

400 4132 474 4182 vel
494 4133 646 4183 altera
664 4130 918 4181 Francisei
950 4131 1118 4183 littera
1138 4132 1337 4197 vulgata
1362 4132 1514 4184 luerit
1538 4130 1673 4183 haud
1695 4129 1855 4182 visum
1883 4129 2004 4181 mihi
2043 4134 2124 4180 est
2156 4126 2209 4177 in
2239 4126 2333 4176 hac
2359 4122 2534 4175 editio-

404 4226 517 4264 num
538 4213 670 4266 serie
691 4224 981 4264 recensere.
