3104 4805
606 377 720 442 192
1280 389 1362 437 ns
1404 388 1607 438 nunus
1647 386 2086 436 affluamus

602 561 765 611 nam
804 536 1167 609 humilium
1203 536 1582 608 amicorum
1617 537 1767 607 loco
1798 556 2153 619 numereS,
2194 545 2392 607 tuum
2426 536 2580 607 erit:
2608 536 2759 631 ipse

602 673 670 735 te
706 660 1142 733 dominorum
1185 681 1470 734 suorum
1513 659 1691 732 inter
1729 661 1992 755 primos
2030 672 2377 745 numerat3
2446 663 2760 756 aliquan-

602 798 809 879 toque
858 785 1025 857 mihi
1075 786 1164 859 de
1215 796 1333 858 tua
1382 785 1607 878 gratia
1658 785 1794 855 iam
1845 807 2053 880 quam
2102 785 2192 857 de
2245 785 2508 857 veteris
2553 786 2758 858 amici

601 909 747 981 vita
812 908 1087 981 videtur
1128 908 1472 981 solicitior.
1524 911 1766 1004 Itaque
1817 919 1895 982 ut
1944 930 2021 980 se
2070 907 2192 979 tibi
2242 930 2533 1002 prorsus
2582 909 2757 982 insi-

599 1041 790 1116 nuet,
818 1039 890 1102 et
915 1030 1282 1124 allegorico
1309 1034 1722 1105 munusculo
1756 1031 2062 1102 animum
2092 1053 2297 1103 suum
2334 1030 2756 1105 suavissime

601 1152 724 1225 tibi
762 1154 1071 1227 deditum
1113 1155 1456 1239 ostendat,
1504 1155 1792 1249 liquoris
1826 1154 2136 1226 omnium
2170 1155 2582 1241 mollissimi,
2620 1156 2754 1227 olei

598 1278 969 1348 vasculum
1011 1276 1132 1347 tibi
1170 1277 1390 1350 affert:
1429 1278 1620 1372 quod
1661 1285 1906 1371 sponte
1938 1300 2132 1363 ·sua,
2200 1288 2299 1364 et,
2368 1287 2444 1349 ut
2507 1278 2749 1363 aiunt,

600 1398 995 1491 virginitate
1036 1410 1339 1486 servata,
1401 1403 1589 1472 nullo
1647 1411 2039 1495 premente,
2101 1400 2390 1473 defluxit
2438 1422 2479 1471 e
2519 1400 2752 1473 baccis

599 1521 924 1595 arborum
947 1533 1368 1612 nostrarum,
1398 1545 1561 1619 quae
1586 1525 1656 1595 in
1679 1524 1968 1596 collibus
1993 1525 2147 1597 istis
2175 1533 2366 1607 sunt,
2394 1521 2529 1609 uhi,
2558 1533 2755 1618 post-

599 1644 855 1717 habitis
904 1645 1214 1734 Athenis,
1275 1648 1727 1745 repertricem
1776 1651 1952 1721 oleae
2004 1649 2386 1721 Minervam
2437 1646 2754 1719 habitare

599 1768 930 1856 dicerem,
974 1770 1111 1841 nisi
1140 1792 1296 1842 eam
1329 1771 1736 1866 iampridem
1772 1770 2090 1843 Ianuensi
2122 1771 2320 1843 litore
2350 1770 2444 1842 ad
2477 1781 2749 1866 portum

599 1890 922 1977 Veneris,
960 1901 1171 1990 atque
1209 1894 1507 1991 Erycem
1546 1895 2026 1977 collocassem,
2069 1892 2140 1965 in
2182 1892 2425 1986 Africoe
2458 1913 2639 1965 meae
2671 1892 2752 1964 li—

604 2016 773 2091 bris.
817 2019 1008 2092 Vale.

884 2164 971 2220 Ad
997 2165 1205 2221 sontem
1234 2166 1473 2238 Son-gina,
1504 2166 1585 2222 111
1615 2166 1737 2222 Kal.
1766 2165 1954 2222 Maias.
