3104 4805
593 331 712 393 446
1284 341 1363 388 m:
1410 340 1611 388 ussus
1657 340 2101 390 manummis-

592 494 810 569 cerat,
847 495 917 555 et
949 485 1018 552 in
1051 491 1236 552 coetu
1279 492 1518 552 nostro
1564 481 1719 552 talis
1764 504 1945 551 unus
1981 483 2205 575 aptior
2238 493 2414 566 erat,
2452 506 2660 576 quam
2700 488 2758 556 si

592 628 834 679 omnes
878 605 1115 676 studio
1154 601 1431 674 deditos
1467 613 1880 675 caeterarum
1923 626 2154 673 rerum
2199 604 2513 675 omnium
2567 607 2760 680 incu-

592 729 869 798 riositas
897 726 1281 796 habuisset.
1324 727 1560 816 ltaque
1590 725 1680 795 ad
1713 724 2264 815 opportunitates
2299 726 2538 798 varias
2573 749 2758 799 com-

592 850 798 919 mode
857 848 1228 919 admodum
1291 857 1361 916 et
1412 867 1616 940 paene
1664 845 2001 917 divinitus
2053 847 2166 918 ille
2216 848 2416 918 nobis
2467 862 2756 941 quartus

591 979 1005 1041 accesserat.
1049 968 1270 1039 Nimis
1310 968 1545 1037 felices
1598 966 1732 1036 visi
1788 988 2074 1038 sumus:
2129 969 2375 1041 invidit
2421 973 2759 1043 crudelis-

593 1094 767 1163 sima
809 1095 1081 1162 fortuna
1121 1101 1192 1160 et
1231 1090 1587 1180 indignata
1626 1098 1764 1173 est,
1814 1090 2001 1182 quod
2044 1111 2175 1161 nos
2217 1092 2518 1163 nondum
2574 1103 2756 1165 totos

594 1224 936 1286 tantorum
1014 1212 1340 1283 comitum
1423 1211 1809 1303 perditione
1876 1222 2323 1304 prostrasset.
2394 1216 2757 1287 Moverant

591 1334 796 1406 ambo
849 1334 1083 1414 simul,
1134 1342 1204 1404 et
1247 1342 1339 1417 te,
1386 1334 1619 1416 frater,
1666 1333 1852 1427 apud
1901 1331 2358 1420 Avenionem,
2413 1346 2483 1404 et
2518 1347 2753 1407 certus

592 1477 746 1527 sum
788 1476 925 1525 non
970 1454 1119 1524 sine
1164 1454 1513 1544 suspiriiS‚
1557 1452 1879 1538 dimiss0,
1920 1476 2031 1524 me
2074 1458 2362 1526 alteram
2401 1457 2607 1525 animi
2642 1457 2751 1526 sui

590 1587 857 1670 partem
898 1576 1349 1668 cupidissime
1392 1574 1740 1668 petebant.
1794 1577 2115 1648 Moestam
2170 1576 2374 1646 nimis
2426 1586 2496 1647 et
2546 1578 2756 1649 mise-

594 1720 736 1768 ram
768 1698 1123 1767 historiam
1156 1719 1543 1788 aggressus
1582 1719 1759 1767 sum.
1798 1698 1936 1768 Sed
1971 1708 2080 1768 est
2111 1698 2434 1788 quaedam
2472 1699 2755 1790 lugendi

590 1818 917 1901 dulcedo,
971 1838 1110 1908 qua
1163 1838 1353 1908 saepe
1405 1815 1692 1886 nimium
1747 1839 1998 1908 pascor
2056 1817 2315 1887 infelix.
2369 1818 2758 1890 veniebant

589 1940 847 2033 pariter
887 1941 1145 2030 optimo
1186 1939 1444 2023 animo,
1491 1941 1630 2011 sato
1673 1939 2006 2030 pessimo,
2053 1939 2431 2011 miserabili
2470 1950 2751 2025 eventu,

591 2062 700 2134 ille
740 2064 1028 2133 Romam
1068 2060 1439 2152 petituruS,
1484 2061 1599 2131 ille
1638 2062 2073 2133 Florentiam.
2119 2061 2273 2144 Quo
2312 2083 2484 2152 ergo
2522 2061 2759 2132 diver-

591 2182 728 2252 titis
772 2183 1027 2253 amici‘?
1068 2184 1168 2253 Ite
1210 2185 1496 2267 rectiuS,
1544 2183 1637 2252 ite
1682 2183 2044 2254 securius:
2088 2205 2223 2254 non
2266 2183 2398 2254 boc
2438 2194 2756 2254 vestrum

589 2305 759 2374 iter:
802 2305 972 2397 quid
1016 2304 1220 2376 vobis
1260 2327 1417 2376 cum
1461 2303 1756 2398 Alpibus
1798 2304 2271 2396 nivibusque?

994 2487 1206 2548 Omnia
1242 2487 1430 2548 vincit
1462 2502 1667 2560 amor,
1707 2493 1765 2548 et
1801 2502 1912 2547 vos
1945 2486 2209 2547 cessistis
2237 2487 2453 2548 amori.

586 2668 985 2740 Veniebatis
1053 2688 1164 2734 me
1229 2666 1473 2734 visuri.
1530 2667 1656 2733 Hic
1704 2677 1854 2734 erat
1905 2667 2256 2751 inimicus,
2314 2669 2446 2739 hac
2509 2681 2756 2742 catena

587 2788 1084 2867 trahebamini3
1150 2806 1284 2855 non
1336 2784 1571 2864 ibatis,
1631 2784 1758 2853 sed
1811 2785 2412 2857 trahebaminiab
2477 2791 2590 2860 illo
2639 2794 2753 2863 cui

583 2908 831 2976 coelum
910 2907 1136 2996 ipsum
1214 2904 1663 2996 obsequitur,
1729 2904 1840 2973 cui
1906 2902 2374 2976 discordantia
2443 2909 2749 2982 invicem

580 3028 912 3099 obediunt
985 3028 1362 3098 elementa:
1431 3048 1627 3098 amor
1689 3024 2126 3117 omnipotens
2193 3047 2325 3095 vos
2394 3026 2739 3097 trahebat.

584 3150 907 3241 Agnosco
948 3149 1236 3221 insidias
1287 3152 1623 3221 fortunae:
1678 3149 1810 3219 hoc
1860 3148 2004 3239 egit
2055 3157 2131 3217 ut
2179 3146 2751 3221 inconsolabilius

583 3273 922 3355 dolerem3
961 3274 1126 3364 quin
1161 3282 1233 3343 et
1269 3272 1435 3344 illud
1476 3272 1684 3365 impie
1718 3271 1955 3342 molita
1988 3282 2126 3355 est,
2170 3282 2244 3341 ut
2274 3271 2424 3363 qui,
2463 3271 2601 3341 iam
2636 3293 2751 3342 re-

583 3417 792 3466 curso
833 3395 992 3465 anni
1049 3393 1303 3488 spatio,
1352 3394 1600 3486 pedem
1640 3394 1888 3465 Parma
1939 3415 2074 3464 non
2126 3415 2506 3477 moveram,
2563 3416 2749 3465 nunc

584 3516 938 3600 abessem,
1006 3515 1140 3587 sub
1188 3514 1477 3586 obtentu
1532 3516 1766 3607 magni
1820 3516 2054 3587 nescio
2104 3517 2304 3588 cuius
2358 3517 2549 3597 boni,
2606 3539 2748 3608 quo

585 3640 845 3710 scilicet
910 3662 1035 3710 nos
1111 3648 1398 3731 aspectu
1467 3648 1711 3708 mutuo
1776 3638 2108 3731 privaret,
2172 3650 2244 3709 et
2313 3659 2444 3707 vos
2513 3638 2746 3707 animo

580 3771 1093 3843 consternatos,
1139 3760 1530 3852 raptimque
1579 3781 1661 3829 ac
1710 3780 2001 3851 propere
2051 3759 2428 3851 fugientes,
2476 3758 2745 3829 facilius

583 3882 650 3950 in
706 3885 1028 3974 laqueum
1083 3891 1492 3975 praeparatae
1561 3880 1801 3951 mortis
1870 3882 2270 3975 impelleret.
2336 3884 2484 3952 Heu
2546 3882 2746 3951 dolor

584 4001 1029 4075 insatiabilis!
1080 4006 1228 4076 Heu
1279 4006 1537 4075 vulnus
1588 4006 1974 4074 aeternum!
2034 4003 2497 4075 Festinabatis
2550 4004 2744 4075 obliti

583 4118 895 4192 laborum
937 4137 1007 4197 et
1050 4125 1506 4217 periculorum
1541 4127 1895 4209 omnium3
1939 4138 2232 4200 caeteras
2284 4129 2466 4199 enim
2512 4149 2739 4211 curaS‚
