3104 4805
920 390 1104 440 mnan
1147 389 1879 448 omarus—emmonim
1919 391 2025 439 x11.
2422 374 2541 438 233

390 535 813 630 prehensum
876 546 1007 618 est,
1053 534 1321 607 mitiora
1363 544 1525 606 sunt
1573 533 1874 619 aurium,
1928 555 2137 627 quam
2187 538 2540 608 oculorum

392 660 700 730 vulnera.
752 657 1054 750 Longior
1114 680 1268 730 sum
1320 658 1389 727 in
1441 657 1573 729 hoc
1614 678 1934 730 sermone
1983 679 2194 750 quam
2232 671 2541 754 oportet:

394 793 599 875 teque
646 791 885 852 contra
933 802 1176 853 omnes
1226 781 1527 852 insultus
1577 781 1790 853 armis
1850 783 2056 872 longe
2100 781 2544 858 validioribus

394 904 803 976 instructum
826 962 841 990 ‚
889 903 1055 974 nihil
1099 901 1168 974 in
1208 925 1292 975 eo
1331 904 1520 998 quod
1561 903 1833 991 laudeS,
1869 913 2125 998 praeter
2164 903 2399 990 fidem,
2438 930 2549 979 re-

394 1040 748 1124 perturum
793 1050 1017 1124 spero.
1062 1028 1164 1099 Sit
1202 1048 1376 1099 vero
1425 1027 1565 1098 iam
1632 1026 1814 1098 finis.
1871 1027 2378 1123 Conquiescant
2429 1051 2550 1120 ge-

396 1154 629 1237 mituS‚
677 1162 995 1225 arescant
1038 1151 1368 1236 lacrimae,
1417 1151 1666 1224 sileant
1704 1153 2025 1224 lamenta.
2068 1151 2216 1223 Noli
2268 1153 2548 1223 fratrem

397 1286 590 1348 tunm
644 1286 987 1347 mortuum
1030 1273 1407 1358 aestimare3
1449 1275 1628 1347 vivit
1666 1274 1896 1346 enim:
1949 1286 2020 1348 at
2069 1297 2196 1347 nos
2248 1274 2553 1369 quotidie

396 1401 749 1485 morimur,
795 1422 920 1471 nec
971 1399 1350 1483 sentimus3
1392 1408 1462 1470 et
1512 1400 1626 1470 vel
1692 1410 2002 1485 mortem,
2072 1400 2164 1471 oh
2216 1399 2542 1472 caecitas!

397 1544 586 1595 verae
634 1522 801 1594 vitae
866 1521 1276 1619 principium
1344 1523 1820 1595 formidamus.
1883 1523 1970 1594 Ut
2018 1523 2266 1595 vivens
2316 1524 2552 1618 itaque

396 1668 533 1718 non
585 1645 922 1731 luctibus,
978 1646 1105 1718 sed
1156 1644 1686 1739 cogitationibus
1740 1647 1878 1718 tuis
1930 1655 2001 1718 et
2038 1646 2395 1739 colloquiis
2447 1647 2550 1717 in-

397 1770 620 1853 tersit,
665 1768 951 1863 prohibe
984 1770 1058 1838 'in
1090 1772 1250 1841 aula
1299 1779 1416 1842 tua
1465 1769 1632 1841 illud
1679 1769 2118 1864 pusillanime
2162 1770 2543 1854 silentium,

396 1891 583 1983 quod
631 1891 942 1983 plerique
980 1891 1052 1963 in
1087 1892 1420 1963 luctuosis
1467 1890 1792 1963 domibus
1843 1891 2260 1979 observant,
2303 1892 2550 1964 defun-

395 2025 665 2087 ctorum
695 2035 975 2101 nomen,
1007 2037 1136 2086 ceu
1161 2016 1357 2086 triste
1385 2015 1673 2109 aliquid,
1702 2014 2178 2087 abhorrentes.
2214 2017 2358 2087 Imo
2388 2037 2553 2088 vero

399 2161 583 2209 nunc
624 2147 899 2210 resonet
931 2138 1311 2229 gloriosum
1346 2137 1512 2210 illud
1547 2161 1826 2225 nomen,
1865 2148 1935 2210 et
1960 2142 2095 2211 late
2121 2161 2351 2211 ramos
2393 2159 2555 2234 por-

402 2273 750 2332 recturum
792 2259 980 2354 apud
1021 2271 1089 2332 te
1140 2260 1409 2333 radices
1462 2270 1662 2354 agat,
1721 2262 2112 2357 praesertim
2162 2262 2326 2353 quia
2376 2262 2554 2334 invi-

402 2384 536 2457 diae
578 2384 939 2469 nebulam,
985 2405 1146 2476 quae
1192 2387 1510 2458 excelsos
1560 2384 1750 2457 viros
1803 2384 2098 2456 libenter
2136 2377 2549 2480 insequitur,

401 2508 765 2603 sepulchra
813 2529 952 2579 non
1003 2517 1337 2581 metuunt.
1383 2510 1472 2580 Et
1504 2509 1565 2581 si
1615 2510 1899 2595 multos,
1944 2530 2123 2601 quos
2172 2507 2420 2581 domus
2471 2530 2553 2581 ac

399 2633 622 2702 forum
674 2632 956 2704 odiosos
995 2642 1065 2703 et
1103 2631 1439 2705 obscuros
1490 2635 1786 2718 fecerat,
1824 2636 2048 2705 claros
2100 2641 2172 2704 et
2220 2634 2551 2706 amabiles

402 2756 681 2827 bustum
717 2756 897 2840 fecit,
935 2757 1106 2849 quid
1138 2756 1225 2828 de
1258 2757 1390 2828 hoc
1432 2779 1736 2850 sperem,
1781 2757 1980 2829 cuius
2022 2768 2093 2829 et
2132 2756 2553 2829 suavissima

402 2900 676 2973 semper
717 2889 789 2950 et
829 2879 1356 2973 praeclarissima
1393 2879 1522 2952 fuit
1562 2882 1735 2966 vita,
1780 2890 1851 2951 et
1889 2879 1996 2973 (si
2033 2878 2200 2972 quid
2242 2880 2554 2974 superla-

400 3001 541 3072 tivo
581 3000 835 3094 altius)
889 3022 1081 3073 mors
1115 3024 1393 3096 quoque
1445 3003 1888 3094 praeclarior‘?
1922 3003 2040 3072 Ille
2083 3002 2309 3086 etiam,
2347 3002 2555 3074 obse-

401 3144 543 3206 cro,
587 3124 899 3215 vulgaris
948 3125 1238 3211 abusus,
1283 3146 1490 3219 quem
1526 3124 1597 3194 in
1638 3122 1896 3210 multis,
1944 3123 2068 3196 sed
2118 3123 2187 3193 in
2222 3123 2553 3195 Romanis

401 3246 575 3315 meis
626 3247 1002 3340 praecipue,
1076 3246 1312 3320 notavi
1394 3256 1604 3339 atque
1654 3245 1999 3319 interdum
2066 3246 2444 3337 castigavi,
2513 3266 2553 3315 a

402 3367 635 3438 limine
673 3376 792 3439 tuo
838 3370 1072 3462 procul
1125 3370 1383 3441 exulet.
1441 3368 1676 3438 Solent
1722 3367 1905 3439 enim
1972 3370 2238 3439 nullum
2306 3366 2554 3437 defun-

401 3499 588 3561 ctum
631 3491 984 3563 nominare
1025 3492 1174 3564 sine
1207 3488 1611 3585 praefatione
1645 3488 1978 3561 miseriae:
2018 3488 2128 3560 ille
2171 3487 2409 3558 infelix
2416 3541 2551 3557 ......

403 3615 513 3685 ille
546 3618 727 3687 male
767 3614 1205 3688 ominatus....
1249 3623 1390 3698 etc;
1434 3611 1757 3684 subdunt·
1783 3610 2064 3682 tandem
2099 3610 2329 3705 ipsum
2356 3609 2556 3679 inex-
2607 3652 2616 3663 -

404 3739 661 3829 pletum
697 3759 979 3823 nomen,
1018 3738 1145 3808 vix
1183 3734 1425 3829 primis
1467 3733 1754 3831 syllabis
1790 3732 2176 3805 intellectis.
2244 3729 2335 3802 At
2385 3754 2553 3805 vero

405 3879 781 3948 germanus
832 3870 995 3931 tuus
1028 3858 1325 3931 ‘feliciter
1375 3858 1487 3929 hic
1536 3856 1752 3940 vixit3
1812 3855 2080 3927 felicius
2145 3853 2305 3926 hinc
2354 3853 2552 3939 abiit3

408 4003 588 4052 nunc
637 3981 799 4052 alibi
850 3981 1025 4055 vivit
1086 3982 1519 4065 felicissime3
1572 3988 1642 4051 et
1699 3978 1856 4051 ideo
1904 3981 2110 4073 pleno
2159 4000 2279 4050 ore
2327 3980 2554 4072 profe-

404 4101 664 4174 rendus
729 4112 858 4175 est.
903 4103 1106 4200 Apud
1145 4104 1500 4175 Lucanum
1535 4102 1891 4175 morientis
1920 4099 2223 4194 Pompeii
2255 4101 2553 4173 verbum

404 4232 538 4294 est:
581 4246 773 4295 nemo
823 4228 898 4317 fit
948 4239 1152 4298 morte
1207 4227 1403 4296 miser
1420 4252 1441 4309 ;
1491 4229 1868 4318 eleganter.
1934 4222 2255 4317 Alioquin
2308 4245 2550 4296 omnes
