3104 4805
924 369 1109 419 unsa
1153 368 1866 420 marrus—nrisrom
1908 370 2013 419 xx.
2265 364 2276 374 ·
2425 356 2543 418 185

391 517 691 591 habilem
754 536 1038 588 causam
1105 525 1316 589 tantae
1382 515 1784 587 mutationis
1831 517 2190 611 expedias.
2241 516 2539 588 Nuntius

389 644 562 713 alter
585 639 869 713 alterius
893 639 1193 732 vestigia
1217 638 1510 731 urgebit.
1527 639 1941 711 Litterarum
1968 661 2280 712 mearum
2305 641 2540 712 acervi

313 855 316 856 γ
389 776 548 837 ante
587 765 827 835 oculos
868 772 1026 835 tuos
1073 772 1298 835 erunt.
1354 761 1574 834 Amici
1622 762 1917 856 digitum
1961 773 2031 834 et
2078 766 2359 835 anulum
2416 786 2542 836 no-

393 890 507 961 sti:
559 887 852 960 intactas
901 886 1200 958 abiicere
1251 908 1445 959 amor
1493 895 1568 958 et
1614 887 2036 960 verecundia
2084 908 2222 958 non
2283 888 2530 961 sinent.

389 1012 708 1106 AperieS,
752 1010 912 1083 licet
948 1010 1160 1082 nolis:
1201 1010 1375 1106 ipsae
1419 1010 1537 1081 tibi
1582 1010 2048 1094 blandientur,
2088 1019 2165 1083 ut
2196 1014 2535 1106 perlegas,

390 1136 490 1208 Ita
524 1134 645 1228 qui
686 1133 925 1207 brevis
968 1133 1329 1227 scripturae
1370 1133 1672 1205 laborem
1710 1134 1923 1226 fugis,
1960 1136 2191 1228 longae
2222 1135 2539 1208 lectionis

390 1259 741 1333 fastidium
783 1281 921 1331 non
959 1256 1243 1330 evades.
1289 1256 1359 1329 Si
1399 1256 1571 1352 quid
1610 1257 1818 1349 igitur
1864 1257 2030 1357 mibi
2073 1257 2319 1344 credis,
2376 1281 2541 1332 ocu-

390 1384 494 1455 los
535 1393 692 1454 tuos
724 1380 1100 1474 digitorum
1135 1381 1398 1454 auxilio
1428 1380 1674 1466 libera,
1711 1390 1783 1453 et
1818 1380 2261 1474 ignobiliores
2295 1405 2541 1477 corpo—

392 1503 487 1574 ris
517 1503 616 1574 tui
643 1511 879 1597 partes
899 1501 1350 1574 nobilioribus
1380 1501 1643 1574 servire
1668 1503 1861 1575 doce.
1889 1501 2137 1598 Arripe
2162 1506 2537 1590 calamum;

390 1648 526 1698 non
564 1627 837 1699 insueta
880 1624 1173 1710 suade03
1224 1628 1532 1698 calamus
1582 1626 1673 1698 ab
1721 1625 2007 1698 infantia
2055 1627 2330 1720 gladius
2373 1639 2536 1701 tuus

389 1759 519 1821 est.
561 1748 817 1822 Adulta
856 1760 1061 1837 aetas,
1104 1757 1177 1820 et
1214 1748 1460 1846 patriae
1504 1758 1731 1822 status
1774 1749 1865 1821 ad
1915 1750 2046 1822 alia
2087 1760 2154 1822 te
2203 1749 2536 1846 deinceps

389 1895 581 1947 arma
644 1883 1040 1968 rapuerunt.
1109 1876 1404 1946 Demum
1469 1874 1561 1946 ad
1627 1877 2092 1946 Romanorum
2130 1875 2535 1949 Pontificum

389 1997 765 2092 quietiores
805 2000 1020 2082 aulas,
1077 1998 1472 2069 retrahente
1520 1999 1684 2081 fat0,
1739 2008 1811 2069 et
1858 1996 1947 2069 ad
1982 1999 2264 2092 antiqua
2306 1999 2536 2071 studia

391 2111 678 2192 rediisti.
746 2120 928 2204 Quid
993 2119 1204 2212 igitur
1266 2123 1468 2214 peto‘?
1531 2120 1670 2192 Fac
1732 2120 1918 2215 quod
1981 2119 2290 2215 quotidie
2335 2120 2530 2204 facis;

388 2242 614 2316 scribe
656 2241 937 2336 aliquid:
989 2244 1095 2314 sac
1135 2241 1372 2314 itidem
1412 2243 1602 2336 quod
1650 2266 2004 2337 nunquam
2055 2242 2255 2328 sacis;
2308 2243 2534 2316 scribe

388 2367 576 2443 mihi.
612 2367 779 2439 Mox
808 2387 1056 2459 nempe
1084 2365 1489 2451 subsistam,
1528 2377 1601 2439 et
1636 2368 1746 2440 vel
1772 2367 1998 2439 rarius
2035 2365 2328 2440 scribam
2364 2369 2531 2462 ipse,

388 2492 505 2561 vel
544 2489 851 2562 brevius.
895 2489 1195 2575 Vicisse,
1231 2502 1300 2563 et
1334 2492 1424 2564 de
1457 2491 1591 2564 ista
1631 2491 1880 2565 silentii
1918 2492 2017 2563 tui
2049 2514 2211 2565 arce
2244 2502 2312 2564 te
2343 2493 2536 2566 deie-

388 2614 570 2685 cisse
620 2611 930 2685 sufficiet.
985 2613 1111 2686 Hic
1156 2623 1390 2686 tamen
1445 2614 1614 2709 (scio
1663 2616 1775 2688 cui
1825 2615 2094 2712 loquor)
2147 2615 2368 2688 veteri
2418 2617 2533 2688 illo

388 2746 459 2808 et
493 2738 762 2828 vulgari
793 2740 1037 2835 clypeo
1073 2748 1293 2810 tectus
1327 2759 1678 2811 occurres:
1707 2739 1888 2825 Quid
1912 2740 2245 2833 quereris,
2282 2742 2536 2812 frater?

388 2861 555 2932 nihil
594 2861 820 2933 habeo
859 2862 1049 2954 quod
1091 2862 1410 2933 scribam.
1454 2848 1607 2955 Ego
1644 2884 1845 2947 vero,
1887 2863 2019 2935 etsi
2072 2862 2142 2932 in
2187 2872 2373 2935 tanta
2426 2883 2537 2933 re-

386 3007 539 3058 rum
557 2986 772 3081 copia,
804 2984 1056 3056 talibus
1080 2984 1360 3077 ingenio
1379 2985 1743 3078 eloquiove
1764 3007 2115 3079 nunquam
2140 2986 2535 3058 defuturam

387 3108 733 3181 scribendi
768 3108 1127 3182 materiam
1161 3109 1551 3182 crediturus
1585 3108 1862 3195 fuerim,
1899 3108 2094 3181 facile
2128 3107 2533 3203 persuaderi

389 3231 557 3302 mihi
597 3232 821 3323 patiar
860 3232 1242 3326 quamlibet
1283 3254 1409 3305 seu
1452 3254 1692 3306 veram
1746 3254 1872 3305 seu
1924 3229 2148 3304 fictam
2201 3252 2526 3315 causam,

386 3354 616 3449 potius
655 3376 888 3449 quam,
924 3355 1297 3428 oblivionis
1339 3354 1665 3427 nebulam
1697 3355 1815 3426 tibi
1846 3353 2188 3426 silentium
2215 3351 2535 3423 induxis-

390 3500 485 3552 se.
529 3481 675 3552 Hoc
713 3481 923 3573 igitur
966 3484 1238 3566 saltem,
1285 3481 1474 3574 quod
1513 3479 1710 3552 multi
1751 3477 1841 3550 ab
1881 3477 2121 3549 amicis
2161 3476 2530 3570 petierunt,

387 3603 511 3676 sed
551 3625 793 3675 eorum
834 3626 1013 3698 quos
1054 3626 1187 3698 ego
1233 3602 1522 3696 legerim
1574 3603 1839 3696 primus
1890 3601 2197 3671 omnium
2250 3599 2490 3670 Cicero
2514 3652 2530 3680 ,

386 3724 630 3811 scribe,
673 3735 742 3797 te
808 3727 979 3798 nihil
1044 3727 1379 3799 habuisse
1443 3725 1634 3820 quod
1694 3722 2060 3796 scriberes.
2113 3723 2258 3793 Hoc
2306 3719 2535 3815 ipsum

385 3848 645 3932 scribe,
701 3851 827 3924 sed
876 3851 1027 3924 aliis
1083 3863 1313 3923 tamen
1363 3849 1623 3922 verbis.
1677 3845 1997 3940 Alioquin
2052 3844 2263 3940 (quod
2310 3843 2537 3914 inten-

386 3970 591 4043 tionis
631 3994 811 4045 meae
851 3997 989 4046 non
1030 3974 1180 4070 fuit)
1230 3974 1446 4046 breve
1481 3972 1687 4043 nimis
1719 3979 1791 4043 et
1829 3978 2142 4064 apertum
2188 3965 2535 4040 evadendi

385 4093 505 4165 tibi
547 4094 676 4168 iter
727 4098 1032 4170 ostendi:
1075 4096 1338 4169 evades
1383 4096 1405 4192 ζ
1411 4096 1468 4168 si
1513 4106 1583 4168 te
1622 4094 1813 4190 novi)
1860 4095 2042 4166 saltu
2083 4091 2315 4179 unice,
2356 4100 2429 4165 et
2468 4100 2535 4163 te

383 4238 522 4291 uno
572 4219 795 4292 verbo
834 4219 1162 4305 redimes,
1208 4229 1482 4293 auctore
1531 4241 1664 4292 me.
1701 4217 1815 4291 Sic
1847 4240 2006 4312 ego,
2060 4219 2248 4313 quod
2297 4215 2534 4288 multis
