3104 4805
949 390 1135 441 Lmen
1180 392 1467 441 TERTIUS.
1497 351 1918 441 —Erl's'rffia'
1942 394 1982 441 1.
2046 395 2049 396 f
2431 382 2533 442 141

384 532 706 628 dixerim)
779 533 1240 626 inquisitionis
1305 557 1469 607 area
1517 544 1851 606 excutere
1901 539 2115 630 potui.
2166 540 2455 632 Reliqua
2506 562 2549 609 a

384 656 782 729 doctoribus
824 658 1068 748 exige:
1100 656 1270 727 mihi
1297 656 1601 750 quidem,
1635 658 1692 728 si
1718 657 1953 730 haecce
1989 659 2272 732 latibula
2298 663 2547 747 rimari,

386 791 456 852 et
494 781 731 853 abdita
773 801 984 851 nosse
1022 790 1356 872 negatum
1396 781 1628 866 fuerit,
1674 803 1785 851 me
1827 781 2057 876 ipsum
2100 804 2309 855 nosse
2362 787 2554 856 suffi-

386 904 535 975 ciet.
605 905 730 974 Hic
794 905 1032 974 oculos
1099 903 1437 997 aperiam:
1490 904 1604 975 hic
1653 904 1866 997 figam
1920 906 2272 978 intuitum:
2339 909 2555 981 orabo

385 1047 542 1097 eum
595 1027 715 1119 qui
766 1049 878 1097 me
921 1026 1102 1111 fecit,
1158 1034 1235 1097 ut
1277 1049 1353 1099 se
1396 1026 1589 1112 mihi,
1645 1051 1896 1121 meque
1948 1030 2155 1101 simul
2204 1032 2548 1119 ostendat,

389 1157 483 1233 et,
527 1149 715 1241 quod
753 1159 995 1220 votum
1038 1149 1370 1244 sapientis
1421 1159 1555 1236 est,
1610 1160 1851 1223 notum
1893 1152 2062 1224 mihi
2101 1154 2306 1226 faciat
2346 1154 2552 1227 finem

395 1293 646 1343 meum.
687 1274 875 1345 Vale.

1390 1457 1548 1465 ——--—-—-

1242 1677 1595 1742 EPISTOLA
1636 1679 1700 1742 11.

601 1872 984 1923 FRANclscus
1020 1873 1358 1923 PETRARCA
1394 1874 1630 1923 Tuom:
1668 1875 2060 1952 MESSANENSI
2093 1878 2145 1928 s.
2182 1880 2236 1928 Ρ.
2274 1881 2332 1928 n.

685 2050 915 2105 Frustra
942 2067 1104 2105 curas
1130 2049 1419 2104 hominum
1444 2052 1672 2120 longum
1702 2051 1759 2104 in
1788 2068 1966 2105 aevum
1992 2052 2264 2123 protendi.

589 2264 773 2349 Quid
824 2265 913 2337 ad
962 2265 1226 2338 litteras
1270 2275 1427 2337 tuas
1468 2265 1738 2338 dicam‘?
1786 2265 2051 2336 Vereor
2089 2287 2179 2336 ne
2218 2264 2558 2338 humano-

405 2409 556 2457 rum
616 2394 881 2460 torrens
942 2388 1426 2484 rapidissimus
1477 2414 1795 2463 errorum
1848 2391 2142 2463 amicum
2207 2399 2552 2477 nostrum,

399 2510 613 2582 fundo
652 2512 831 2583 alvei
873 2521 1189 2597 rotatum,
1234 2536 1393 2586 cum
1436 2514 1770 2586 universo
1811 2513 2050 2608 rapiat.
2097 2515 2406 2587 Senescit
2451 2513 2558 2609 (ut

401 2632 637 2725 vides)
683 2634 859 2705 inter
908 2636 1108 2708 ludos
1161 2646 1370 2729 atque
1411 2636 1765 2730 praestigia
1807 2639 2128 2721 fortunae,
2173 2640 2391 2709 multa
2426 2637 2558 2708 sibi

400 2757 832 2850 promittenS,
863 2774 1041 2851 quae,
1076 2757 1240 2828 mihi
1282 2759 1511 2844 crede,
1542 2781 1895 2853 nunquam
1929 2761 2234 2831 venient.
2274 2761 2423 2829 Una
2457 2768 2560 2831 ta-

403 2903 559 2951 men
611 2880 975 2952 excusatio
1023 2890 1175 2953 est:
1242 2903 1483 2954 omnes
1532 2882 1720 2955 idem
1781 2885 1925 2954 sere
1988 2882 2273 2956 morbus
2322 2880 2555 2953 habet.

400 3005 621 3089 Quem
681 3005 1021 3091 invenieS‚
1090 3005 1210 3099 qui
1260 3028 1398 3078 non
1457 3027 1583 3102 spe
1641 3005 1964 3077 crastinae
2012 3004 2296 3098 quietis,
2352 3006 2559 3078 hodie

402 3127 710 3199 laboret?
748 3130 911 3201 Haec
959 3128 1281 3213 felicitaS,
1325 3127 1479 3200 haec
1519 3129 1910 3200 mortalium
1953 3129 2099 3200 vita
2147 3138 2298 3201 est:
2343 3130 2561 3201 mirus

404 3251 618 3336 furor,
662 3274 791 3323 nec
839 3253 1064 3322 minor
1113 3251 1268 3324 ideo
1319 3252 1482 3345 quia
1523 3251 1841 3347 publicus
1870 3310 1885 3339 ‚
1931 3253 2126 3326 hiare
2167 3255 2236 3324 in
2276 3263 2557 3336 ventoS,

404 3384 487 3458 et,
524 3374 730 3446 certis
759 3374 959 3446 bonis
988 3373 1306 3458 abiectiS,
1352 3376 1613 3447 incerta
1657 3376 1928 3448 sectari.
1974 3377 2299 3468 ignorant
2337 3373 2565 3445 homi-

402 3518 528 3567 nes
571 3506 907 3590 quantum
943 3497 1113 3568 lucri
1150 3498 1262 3584 sit,
1310 3519 1473 3592 spes
1514 3498 1757 3569 inanes
1796 3508 1868 3569 et
1906 3499 2183 3569 fallaces
2226 3494 2515 3590 perdere
2546 3522 2559 3563 :

402 3620 588 3690 nulla
640 3620 924 3711 gravior
976 3621 1288 3705 sarcina;
1332 3623 1518 3692 nulla
1570 3630 1802 3690 tamen
1852 3619 2125 3691 tristius
2166 3617 2562 3711 deponitur3

402 3762 628 3834 usque
679 3742 857 3814 adeo
906 3743 1109 3815 malis
1157 3744 1368 3828 etiam
1408 3740 1706 3838 propriis
1773 3742 2217 3815 delectamur.
2268 3737 2568 3810 Laborat

404 3862 516 3933 ille
566 3864 850 3956 quidem
891 3877 963 3938 et
996 3868 1324 3962 suspirat,
1368 3876 1440 3939 et
1477 3867 1758 3939 anhelat
1793 3885 2251 3961 supervacue,
2279 3874 2375 3948 et,
2404 3885 2568 3934 con-

407 3997 509 4057 tra
561 3988 787 4059 Flacci
838 3989 1250 4063 sententiam
1278 4046 1293 4075 ,
1350 4001 1560 4061 terras
1610 3990 1743 4060 alio
1795 3992 2075 4060 calentes
2123 3990 2254 4058 sole
2292 4009 2569 4081 permu-

405 4120 577 4194 tans,
636 4113 821 4182 brevi
864 4114 1055 4202 sortis
1113 4116 1444 4185 iaculatur
1492 4137 1634 4184 oevo
1684 4117 1909 4185 multa.
1978 4113 2129 4184 Non
2194 4133 2448 4183 accuso
2499 4109 2569 4179 in

408 4231 581 4316 aliis,
628 4235 820 4325 quod
859 4235 930 4305 in
972 4235 1172 4307 nobis
1214 4259 1526 4320 excus03
1571 4237 1723 4308 tulit
1761 4248 1830 4311 et
1870 4257 1998 4310 nos
2032 4237 2250 4307 multa
2289 4229 2572 4306 videndi
