3104 4805
954 411 1137 459 Lmen
1181 410 1893 459 ‘ruamus—Emsrom
1934 411 2063 459 xm.
2465 399 2570 459 171

433 558 612 652 pelle
661 554 971 627 delicias:
1042 554 1102 626 si
1167 556 1424 625 malum
1476 575 1681 626 omne
1745 553 1856 624 vis
1905 555 2191 648 pellere,
2248 557 2427 651 pelle
2475 554 2580 625 di·

438 679 664 751 vidas
711 677 898 749 Vale.

716 825 801 879 Ad
829 824 1037 880 fontem
1065 824 1271 894 Sorgiae
1292 865 1305 890 ,
1338 823 1387 877 X
1417 823 1539 877 Kal.
1573 823 1718 877 Iulii.

1431 1017 1589 1024 .——-

1249 1205 1598 1272 EPISTOLA
1632 1209 1769 1272 XIV.

903 1399 1291 1447 FRANCISCUS
1325 1399 1661 1448 PETRARCA
1701 1401 1785 1448 AD
1824 1401 2127 1452 IGNOTUM.
2226 1377 2233 1390 ἱ

725 1589 1034 1659 Pauperem
1059 1604 1116 1641 se
1144 1603 1257 1643 non
1286 1605 1447 1659 posse
1471 1586 1786 1660 indigentiae
1814 1588 1931 1644 eius
1964 1590 2241 1662 opitulari.

624 1799 894 1890 Regum
936 1797 1329 1869 cervicibus
1396 1797 1796 1891 impositum
1861 1801 2175 1894 pecuniae
2215 1803 2454 1895 iugum
2507 1807 2587 1877 li-

432 1920 732 1992 berrima
772 1921 1244 2011 indignatione
1286 1919 1539 1992 reiicio.
1583 1922 1734 1993 Non
1771 1922 2021 2008 sinam,
2063 1924 2122 1994 si
2155 1927 2300 1995 Deo
2339 1928 2581 2017 placet,

428 2043 724 2114 metallis
763 2042 1031 2114 servire
1066 2043 1374 2114 animum
1410 2044 1501 2116 ad
1534 2045 1796 2116 maiora
1829 2045 2266 2141 dispositum.
2305 2051 2423 2121 Illa
2460 2050 2588 2142 igi-

431 2176 559 2250 tur,
598 2166 922 2259 quoniam
961 2187 1271 2259 praeesse
1305 2167 1666 2261 prohibeo,
1707 2169 2001 2241 subesse
2035 2155 2477 2264 non‘patitur,
2517 2183 2588 2244 et

429 2312 637 2382 quem
681 2310 965 2360 servum
1002 2288 1261 2361 habere
1296 2310 1432 2359 non
1467 2300 1720 2382 potest,
1753 2291 2111 2365 dominum
2146 2293 2582 2386 dedignatur.

429 2415 659 2486 Minus
701 2416 978 2506 loquor:
1021 2414 1386 2508 superbior
1424 2425 1534 2485 est
1573 2439 1782 2509 quam
1824 2415 2003 2488 dixi:
2047 2440 2177 2490 nec
2217 2442 2329 2490 me
2363 2419 2586 2492 domi-

431 2560 600 2609 num
627 2538 776 2609 vult
807 2538 1093 2624 habere,
1133 2560 1262 2609 nec
1295 2540 1647 2610 comitem:
1684 2552 1963 2613 recusat
1996 2541 2378 2636 imperium,
2416 2545 2588 2615 ami-

429 2664 661 2735 citiam
703 2686 838 2735 non
878 2662 1204 2735 admittit:
1246 2664 1503 2756 frangit
1541 2676 1804 2749 vecteS,
1853 2666 2061 2737 solvit
2100 2667 2341 2752 nodOS,
2389 2689 2586 2761 sper—

430 2786 532 2857 nit
585 2787 839 2858 arculae
887 2808 1064 2856 meae
1119 2807 1372 2856 seram.
1427 2789 1607 2859 Dum
1663 2788 2003 2860 clausisse
2070 2790 2253 2861 illam
2294 2788 2579 2876 videor,

427 2910 668 2982 nescio
713 2908 970 3003 quibus
1021 2904 1289 2980 rimulis
1340 2909 1567 2982 invisa
1617 2910 1962 2984 dilabitur.
2018 2912 2095 2985 Id
2148 2934 2317 2985 sane
2369 2914 2625 2999 mihi„

426 3045 505 3106 ut
532 3055 718 3128 saepe
743 3034 1137 3117 molestum,
1170 3034 1270 3106 sic
1306 3034 1683 3124 gloriosum
1722 3057 1997 3130 semper
2031 3037 2373 3123 existimo,
2413 3037 2582 3109 dum

425 3156 905 3249 circumspicio
943 3155 1202 3248 quibus
1267 3154 1380 3228 illa
1444 3155 1834 3252 mancipiis,
1891 3166 1963 3228 et
2010 3180 2305 3250 quorum
2370 3160 2587 3231 soleat

428 3277 730 3370 hospitio
778 3277 1123 3349 delectari.
1179 3277 1301 3349 His
1343 3279 1437 3350 ita
1491 3301 1565 3349 se
1615 3279 2062 3365 habentibus,
2120 3281 2468 3373 ignosceS,
2526 3279 2585 3352 si

434 3397 645 3491 (quod
699 3400 916 3469 multo
968 3398 1133 3469 mihi
1200 3420 1411 3492 quam
1471 3399 1593 3471 tibi
1644 3402 1932 3493 gravius
1981 3401 2114 3496 est)
2170 3410 2585 3494 praesentem

431 3519 879 3613 indigentiam
924 3531 1137 3606 tuam,
1208 3521 1606 3617 pecuniaria
1669 3544 1800 3617 ope
1862 3545 2002 3594 non
2069 3526 2322 3594 relevo.
2367 3522 2457 3594 At
2495 3545 2584 3594 ne

429 3643 599 3714 nihil
633 3653 837 3737 putes
881 3653 943 3715 te
985 3644 1350 3716 scribendo
1383 3645 1784 3740 profecisse,
1820 3645 1992 3717 scito
2031 3645 2300 3737 copiam
2342 3646 2586 3738 pigno-

434 3788 585 3836 rum
621 3769 1041 3860 optimorum
1084 3777 1393 3861 paratam
1437 3767 1561 3838 tibi
1603 3770 1787 3862 apud
1826 3789 1972 3853 me,
2017 3788 2228 3861 quam
2271 3779 2348 3839 ut
2388 3769 2585 3864 ad‘te

432 3889 796 3979 perferret,
840 3891 1124 3963 nuntius
1171 3904 1329 3965 tuus
1371 3896 1560 3965 nullo
1602 3893 1731 3964 sibi
1773 3892 2175 3988 persuaderi
2221 3892 2445 3986 quivit
2483 3895 2587 3964 in—

431 4010 656 4101 genio.
703 4012 869 4084 Iube
910 4015 1098 4087 illum
1135 4017 1224 4088 ad
1265 4041 1396 4103 mc,
1443 4018 1570 4089 sed
1604 4016 2054 4101 exorabilem,
2087 4019 2361 4090 reverti.
2400 4015 2588 4088 Alio-

430 4134 597 4225 quin
643 4158 844 4208 meus
885 4139 974 4210 ad
1017 4148 1082 4209 te
1125 4140 1376 4226 veniet,
1421 4143 1554 4213 etsi
1595 4143 1852 4213 vulnus
1892 4150 2206 4212 nostrum
2234 4141 2423 4227 nulli,
2452 4141 2586 4211 nisi

436 4258 719 4342 medico,
765 4265 1144 4334 revelatum
1186 4265 1416 4336 velim.
1459 4269 1802 4339 Praeterea
1845 4263 1954 4336 his
1994 4263 2159 4369 illud
2202 4262 2583 4338 addiderim
