3104 4805
907 489 1093 538 masa
1136 488 1825 538 sanus—mmmm
1868 491 1950 539 ιιι.
2383 476 2500 538 325

350 639 651 711 modum.
695 638 749 707 E
785 637 1043 731 quibus
1083 636 1257 708 forte
1310 635 1694 707 secundum
1744 636 1982 721 fatear,
2039 637 2336 728 primum
2379 659 2501 708 ne-

349 785 527 855 gem.
573 762 958 833 Senescunt
1000 762 1200 832 solito
1240 761 1468 845 citius,
1515 782 1645 832 nec
1685 761 1756 833 id
1796 763 2031 832 forsan
2104 782 2500 853 usquequa-

348 908 485 978 que
525 907 769 955 verum
809 895 938 955 est.
984 885 1124 955 Sed
1164 885 1351 978 quod
1402 884 1874 956 incunctanter
1909 883 2261 966 affirmem,
2304 884 2500 955 solito

347 1009 548 1079 citius
614 1018 1005 1091 canescunt,
1055 1008 1206 1079 sive
1270 1007 1342 1079 id
1406 1009 1625 1079 latens
1676 1028 1914 1091 causa,
1987 1005 2137 1076 sive
2177 1029 2499 1078 curarum

346 1130 711 1204 multitudo
750 1132 975 1203 efficit.
1019 1134 1329 1203 Profecto
1362 1131 1546 1203 enim
1600 1130 1817 1201 nostri
1856 1130 2151 1201 maiores
2205 1131 2500 1201 meliori-

345 1254 511 1339 buS,
583 1277 710 1326 nos
777 1254 1091 1349 pluribus
1150 1255 1334 1326 curis
1387 1253 1831 1325 involvimur.
1884 1254 2065 1324 Nihil
2107 1263 2216 1325 est
2267 1264 2496 1324 autem

344 1375 531 1470 quod
581 1378 802 1469 magis
846 1378 1222 1473 praecipitet
1261 1377 1564 1447 iuventae
1605 1379 1876 1460 florem,
1921 1399 2132 1470 quam
2173 1399 2497 1448 curarum

344 1502 664 1573 anxietas
698 1511 769 1573 et
792 1501 986 1573 labor
1012 1501 1243 1573 animi.
1275 1503 1618 1573 Caeterum
1663 1501 1830 1571 vitae
1864 1500 2137 1583 moduS,
2177 1499 2311 1569 nisi
2336 1522 2497 1571 eum

344 1646 555 1695 casus
605 1634 725 1694 aut
775 1627 973 1720 culpa
1026 1624 1497 1717 praesecuerit,
1554 1624 1739 1694 idem
1789 1623 2289 1718 propemodum
2341 1645 2495 1716 per-

344 1757 603 1830 manet,
647 1746 763 1839 qui
806 1748 1322 1842 psalmographi
1363 1747 1812 1843 praescriptus
1856 1757 1967 1818 est
2005 1745 2327 1817 carmine.
2359 1746 2497 1818 Sed

343 1868 667 1961 quoniam
704 1879 822 1940 tua
864 1894 973 1943 me
1005 1872 1327 1963 religiosa
1368 1871 1707 1942 modestia
1742 1879 2005 1941 certum
2040 1870 2215 1953 facit,
2256 1889 2393 1938 non
2432 1877 2496 1938 te

343 2012 555 2063 canos
588 1993 916 2085 conqueri
963 1993 1163 2086 (quos
1204 1994 1432 2086 potius
1468 1992 1814 2087 amplecti,
1853 1992 1986 2063 etsi
2024 1991 2491 2084 intempestivi

342 2122 605 2198 essent,
652 2137 732 2185 ac
781 2115 1089 2206 gaudere
1130 2136 1267 2185 non
1308 2115 1573 2199 dubito,
1622 2116 1698 2199 si,
1737 2116 1925 2208 quod
1976 2115 2325 2187 Stilichoni
2369 2136 2496 2185 suo

344 2236 762 2309 Claudianus
804 2236 1137 2322 attribuit,

1220 2435 1432 2500 Vultus
1466 2437 1693 2501 factura
1729 2439 2028 2502 verendos

658 2535 916 2599 Canities
948 2535 1162 2599 festina
1198 2536 1434 2616 venit),

343 2761 585 2810 verum
625 2742 758 2811 alia
797 2742 1120 2835 quaedam
1176 2742 1555 2815 senectutis
1622 2743 2053 2816 incommoda
2107 2745 2485 2830 lamentari,

339 2883 498 2953 quae
548 2866 744 2958 plura
793 2866 976 2959 apud
1051 2866 1248 2953 alioS,
1320 2866 1505 2962 apud
1560 2867 1851 2938 Tullium
1932 2877 2093 2937 sunt
2159 2879 2487 2961 quatuor:

338 2983 718 3059 imminutio
757 2988 1039 3073 virium,
1110 2991 1427 3062 avocatio
1492 3012 1532 3061 a
1574 2989 1785 3061 rebus
1853 2989 2206 3081 gerendis,
2253 2991 2491 3062 adem-

340 3108 481 3198 ptio
508 3114 966 3203 voluptatum,
997 3113 1377 3206 mortisque
1404 3113 1752 3195 vicinitas3
1790 3115 2005 3183 multa
2040 3113 2321 3205 quidem
2358 3112 2489 3182 hoc

337 3230 488 3301 loco
546 3231 614 3300 in
666 3241 855 3301 tuam
915 3233 1453 3304 consolationem
1506 3232 1638 3302 dici
1679 3242 1994 3326 possent:
2067 3233 2192 3303 sed
2248 3251 2395 3301 rem
2447 3253 2489 3302 a

338 3352 556 3421 Tullio
580 3375 671 3421 ex
701 3352 1075 3425 intentione
1107 3363 1460 3425 tractatam
1488 3355 1831 3437 refricare,
1864 3355 2234 3425 temeritas.
2256 3351 2487 3424 Habes

335 3471 486 3542 eius
527 3471 619 3541 de
660 3473 1028 3543 Senectute
1070 3475 1349 3558 librum,
1405 3474 1522 3567 qui
1591 3474 1986 3545 inscribitur
2051 3473 2211 3545 Cato
2246 3477 2485 3558 maior-3

335 3614 475 3684 quo
535 3594 738 3678 lecto,
810 3594 976 3664 nihil
1012 3595 1144 3664 erit
1208 3596 1397 3687 quod
1439 3595 1753 3687 requiras
1791 3596 2118 3690 ampliuS,
2188 3607 2265 3667 ut
2312 3618 2482 3682 reor,

336 3714 641 3806 nihilque
682 3718 867 3808 quod
912 3740 1050 3789 non
1083 3718 1291 3789 modo
1331 3738 1466 3787 non
1505 3720 1895 3805 molestam,
1937 3721 2062 3791 sed
2105 3742 2242 3790 non
2282 3722 2486 3812 plane

336 3835 806 3927 gratissimam
855 3849 1281 3911 senectutem
1336 3840 1539 3910 faciat
1594 3839 1733 3909 tibi.
1780 3843 1953 3911 Nam
2006 3851 2340 3934 quantum
2395 3843 2483 3913 ad

333 3954 749 4028 celeritatem
800 3962 1383 4058 anticipatumque
1436 3976 1711 4060 tempus
1765 3965 2035 4049 attinet,
2082 3966 2214 4039 hoc
2267 3989 2481 4037 unum

333 4075 653 4150 dixerim.
686 4083 872 4155 Sicut
895 4088 1079 4157 enim
1125 4086 1544 4182 ubicumque
1578 4112 1765 4161 mors
1803 4089 2123 4175 occurrit,
2157 4100 2477 4164 senectus

333 4212 442 4272 est
468 4214 705 4276 nostra
740 4208 951 4302 (quod
976 4211 1395 4283 doctissimis
1438 4212 1610 4284 viris
1643 4212 1910 4309 placet),
1953 4214 2051 4285 sic
2088 4214 2315 4287 ubivis
2357 4215 2482 4285 de-

332 4321 560 4397 bilitas
585 4334 892 4426 corporis
920 4335 1209 4419 affuerit,
1244 4347 1567 4409 senectus
1593 4348 1828 4410 nostra
1854 4349 1980 4410 est.
2010 4339 2185 4410 Nam
2215 4349 2289 4408 ut
2314 4335 2478 4406 vitae
