<?xml version="1.0" encoding="UTF-8"?>
<!DOCTYPE html PUBLIC "-//W3C//DTD XHTML 1.0 Transitional//EN"
    "http://www.w3.org/TR/xhtml1/DTD/xhtml1-transitional.dtd">
<html xmlns="http://www.w3.org/1999/xhtml" xml:lang="en" lang="en">
 <head>
  <title>
</title>
<meta http-equiv="Content-Type" content="text/html;charset=utf-8" />
  <meta name='ocr-system' content='tesseract 3.04.00' />
  <meta name='ocr-capabilities' content='ocr_page ocr_carea ocr_par ocr_line ocrx_word'/>
</head>
<body>
  <div class='ocr_page' id='page_1' title='image "./epistolaederebu00unkngoog_0444.png"; bbox 0 0 3104 4805; ppageno 0'>
   <div class='ocr_carea' id='block_1_1' title="bbox 637 435 2118 499">
    <p class='ocr_par' dir='ltr' id='par_1_1' title="bbox 637 435 2118 499">
     <span class='ocr_line' id='line_1_1' title="bbox 637 435 2118 499; baseline 0.001 -4"><span class='ocrx_word' id='word_1_1' title='bbox 637 435 753 496; x_wconf 61' lang='grc' dir='ltr'><strong>ἐπ’»</strong></span> <span class='ocrx_word' id='word_1_2' title='bbox 1313 450 1395 497; x_wconf 77' lang='lat' dir='ltr'><strong>ns</strong></span> <span class='ocrx_word' id='word_1_3' title='bbox 1437 449 1637 499; x_wconf 72' lang='lat' dir='ltr'><strong>annus</strong></span> <span class='ocrx_word' id='word_1_4' title='bbox 1677 448 2118 498; x_wconf 74' lang='lat' dir='ltr'><strong>FAulLlAmsz</strong></span> 
     </span>
    </p>
   </div>
   <div class='ocr_carea' id='block_1_2' title="bbox 633 590 2801 4374">
    <p class='ocr_par' dir='ltr' id='par_1_2' title="bbox 633 590 2801 4374">
     <span class='ocr_line' id='line_1_2' title="bbox 635 590 2791 686; baseline 0.001 -24"><span class='ocrx_word' id='word_1_5' title='bbox 635 602 982 686; x_wconf 81' lang='lat' dir='ltr'><strong>pergeret,</strong></span> <span class='ocrx_word' id='word_1_6' title='bbox 1027 612 1208 662; x_wconf 90' lang='lat' dir='ltr'><strong>neve</strong></span> <span class='ocrx_word' id='word_1_7' title='bbox 1246 590 1509 684; x_wconf 86' lang='lat' dir='ltr'><strong>aliquid</strong></span> <span class='ocrx_word' id='word_1_8' title='bbox 1532 590 1955 686; x_wconf 86' lang='lat' dir='ltr'><strong>desperaret,</strong></span> <span class='ocrx_word' id='word_1_9' title='bbox 1992 592 2061 661; x_wconf 90' lang='lat' dir='ltr'><strong>in</strong></span> <span class='ocrx_word' id='word_1_10' title='bbox 2094 591 2375 664; x_wconf 91' lang='lat' dir='ltr'><strong>homine</strong></span> <span class='ocrx_word' id='word_1_11' title='bbox 2401 595 2791 686; x_wconf 83' lang='lat' dir='ltr'><strong>praesertim</strong></span> 
     </span>
     <span class='ocr_line' id='line_1_3' title="bbox 636 713 2789 813; baseline 0.001 -28"><span class='ocrx_word' id='word_1_12' title='bbox 636 723 776 785; x_wconf 84' lang='lat' dir='ltr'><strong>tam</strong></span> <span class='ocrx_word' id='word_1_13' title='bbox 820 714 1097 798; x_wconf 91' lang='lat' dir='ltr'><strong>iuvene,</strong></span> <span class='ocrx_word' id='word_1_14' title='bbox 1150 713 1318 784; x_wconf 90' lang='lat' dir='ltr'><strong>dum</strong></span> <span class='ocrx_word' id='word_1_15' title='bbox 1374 715 1535 785; x_wconf 85' lang='lat' dir='ltr'><strong>ullae</strong></span> <span class='ocrx_word' id='word_1_16' title='bbox 1587 715 1874 809; x_wconf 88' lang='lat' dir='ltr'><strong>spiritus</strong></span> <span class='ocrx_word' id='word_1_17' title='bbox 1935 714 2254 808; x_wconf 86' lang='lat' dir='ltr'><strong>reliquiae</strong></span> <span class='ocrx_word' id='word_1_18' title='bbox 2317 729 2789 813; x_wconf 86' lang='lat' dir='ltr'><strong>superessent.</strong></span> 
     </span>
     <span class='ocr_line' id='line_1_4' title="bbox 637 836 2792 932; baseline 0.001 -24"><span class='ocrx_word' id='word_1_19' title='bbox 637 838 756 909; x_wconf 91' lang='lat' dir='ltr'><strong>Ille</strong></span> <span class='ocrx_word' id='word_1_20' title='bbox 795 848 1024 909; x_wconf 86' lang='lat' dir='ltr'><strong>autem</strong></span> <span class='ocrx_word' id='word_1_21' title='bbox 1071 836 1425 910; x_wconf 80' lang='lat' dir='ltr'><strong>subtristis</strong></span> <span class='ocrx_word' id='word_1_22' title='bbox 1467 837 1746 910; x_wconf 88' lang='lat' dir='ltr'><strong>inanem</strong></span> <span class='ocrx_word' id='word_1_23' title='bbox 1796 849 1868 909; x_wconf 94' lang='lat' dir='ltr'><strong>et</strong></span> <span class='ocrx_word' id='word_1_24' title='bbox 1918 838 2380 932; x_wconf 85' lang='lat' dir='ltr'><strong>importunam</strong></span> <span class='ocrx_word' id='word_1_25' title='bbox 2417 841 2792 914; x_wconf 89' lang='lat' dir='ltr'><strong>solicitudi-</strong></span> 
     </span>
     <span class='ocr_line' id='line_1_5' title="bbox 636 956 2794 1055; baseline 0.001 -25"><span class='ocrx_word' id='word_1_26' title='bbox 636 980 795 1030; x_wconf 90' lang='lat' dir='ltr'><strong>nem</strong></span> <span class='ocrx_word' id='word_1_27' title='bbox 820 956 1168 1042; x_wconf 78' lang='lat' dir='ltr'><strong>admirari3</strong></span> <span class='ocrx_word' id='word_1_28' title='bbox 1205 959 1515 1044; x_wconf 87' lang='lat' dir='ltr'><strong>curandi,</strong></span> <span class='ocrx_word' id='word_1_29' title='bbox 1545 981 1683 1031; x_wconf 90' lang='lat' dir='ltr'><strong>non</strong></span> <span class='ocrx_word' id='word_1_30' title='bbox 1712 958 2111 1045; x_wconf 85' lang='lat' dir='ltr'><strong>suscitandi,</strong></span> <span class='ocrx_word' id='word_1_31' title='bbox 2143 959 2500 1032; x_wconf 89' lang='lat' dir='ltr'><strong>scientiam</strong></span> <span class='ocrx_word' id='word_1_32' title='bbox 2531 983 2608 1032; x_wconf 91' lang='lat' dir='ltr'><strong>se</strong></span> <span class='ocrx_word' id='word_1_33' title='bbox 2635 983 2794 1055; x_wconf 87' lang='lat' dir='ltr'><strong>pro-</strong></span> 
     </span>
     <span class='ocr_line' id='line_1_6' title="bbox 635 1082 2790 1176; baseline 0.001 -21"><span class='ocrx_word' id='word_1_34' title='bbox 635 1084 901 1155; x_wconf 83' lang='lat' dir='ltr'><strong>fessum</strong></span> <span class='ocrx_word' id='word_1_35' title='bbox 943 1082 1196 1154; x_wconf 78' lang='lat' dir='ltr'><strong>dicere:</strong></span> <span class='ocrx_word' id='word_1_36' title='bbox 1239 1082 1372 1155; x_wconf 92' lang='lat' dir='ltr'><strong>hoc</strong></span> <span class='ocrx_word' id='word_1_37' title='bbox 1409 1091 1521 1154; x_wconf 89' lang='lat' dir='ltr'><strong>est</strong></span> <span class='ocrx_word' id='word_1_38' title='bbox 1554 1083 1901 1155; x_wconf 88' lang='lat' dir='ltr'><strong>medicum</strong></span> <span class='ocrx_word' id='word_1_39' title='bbox 1944 1104 2135 1167; x_wconf 92' lang='lat' dir='ltr'><strong>esse,</strong></span> <span class='ocrx_word' id='word_1_40' title='bbox 2190 1104 2328 1155; x_wconf 92' lang='lat' dir='ltr'><strong>non</strong></span> <span class='ocrx_word' id='word_1_41' title='bbox 2371 1086 2610 1157; x_wconf 91' lang='lat' dir='ltr'><strong>Deum.</strong></span> <span class='ocrx_word' id='word_1_42' title='bbox 2639 1086 2790 1176; x_wconf 87' lang='lat' dir='ltr'><strong>Ego</strong></span> 
     </span>
     <span class='ocr_line' id='line_1_7' title="bbox 637 1203 2790 1300; baseline 0 -23"><span class='ocrx_word' id='word_1_43' title='bbox 637 1216 876 1278; x_wconf 89' lang='lat' dir='ltr'><strong>contra</strong></span> <span class='ocrx_word' id='word_1_44' title='bbox 916 1203 1274 1277; x_wconf 84' lang='lat' dir='ltr'><strong>nocturnis</strong></span> <span class='ocrx_word' id='word_1_45' title='bbox 1314 1204 1543 1277; x_wconf 86' lang='lat' dir='ltr'><strong>adhuc</strong></span> <span class='ocrx_word' id='word_1_46' title='bbox 1584 1204 1887 1277; x_wconf 83' lang='lat' dir='ltr'><strong>lacrimis</strong></span> <span class='ocrx_word' id='word_1_47' title='bbox 1930 1205 2249 1292; x_wconf 79' lang='lat' dir='ltr'><strong>madenS,</strong></span> <span class='ocrx_word' id='word_1_48' title='bbox 2293 1205 2459 1300; x_wconf 87' lang='lat' dir='ltr'><strong>quid</strong></span> <span class='ocrx_word' id='word_1_49' title='bbox 2499 1228 2790 1299; x_wconf 85' lang='lat' dir='ltr'><strong>corpore</strong></span> 
     </span>
     <span class='ocr_line' id='line_1_8' title="bbox 640 1327 2787 1422; baseline 0 -22"><span class='ocrx_word' id='word_1_50' title='bbox 640 1328 900 1415; x_wconf 90' lang='lat' dir='ltr'><strong>sobrio,</strong></span> <span class='ocrx_word' id='word_1_51' title='bbox 958 1329 1117 1400; x_wconf 92' lang='lat' dir='ltr'><strong>licet</strong></span> <span class='ocrx_word' id='word_1_52' title='bbox 1180 1329 1367 1399; x_wconf 88' lang='lat' dir='ltr'><strong>curis</strong></span> <span class='ocrx_word' id='word_1_53' title='bbox 1431 1327 1697 1415; x_wconf 83' lang='lat' dir='ltr'><strong>ebriuS,</strong></span> <span class='ocrx_word' id='word_1_54' title='bbox 1742 1329 2109 1415; x_wconf 86' lang='lat' dir='ltr'><strong>vidissem,</strong></span> <span class='ocrx_word' id='word_1_55' title='bbox 2147 1330 2471 1422; x_wconf 85' lang='lat' dir='ltr'><strong>exposui:</strong></span> <span class='ocrx_word' id='word_1_56' title='bbox 2520 1330 2787 1401; x_wconf 86' lang='lat' dir='ltr'><strong>affusus</strong></span> 
     </span>
     <span class='ocr_line' id='line_1_9' title="bbox 640 1450 2789 1547; baseline -0.001 -22"><span class='ocrx_word' id='word_1_57' title='bbox 640 1474 839 1547; x_wconf 89' lang='lat' dir='ltr'><strong>opem</strong></span> <span class='ocrx_word' id='word_1_58' title='bbox 886 1451 1099 1524; x_wconf 91' lang='lat' dir='ltr'><strong>rebus</strong></span> <span class='ocrx_word' id='word_1_59' title='bbox 1143 1451 1417 1523; x_wconf 88' lang='lat' dir='ltr'><strong>afflictis</strong></span> <span class='ocrx_word' id='word_1_60' title='bbox 1456 1451 1641 1545; x_wconf 87' lang='lat' dir='ltr'><strong>petii.</strong></span> <span class='ocrx_word' id='word_1_61' title='bbox 1686 1450 1870 1537; x_wconf 90' lang='lat' dir='ltr'><strong>Quid</strong></span> <span class='ocrx_word' id='word_1_62' title='bbox 1909 1455 2173 1542; x_wconf 72' lang='lat' dir='ltr'><strong>multa?</strong></span> <span class='ocrx_word' id='word_1_63' title='bbox 2210 1454 2612 1524; x_wconf 87' lang='lat' dir='ltr'><strong>Luctantem</strong></span> <span class='ocrx_word' id='word_1_64' title='bbox 2660 1453 2789 1523; x_wconf 90' lang='lat' dir='ltr'><strong>im-</strong></span> 
     </span>
     <span class='ocr_line' id='line_1_10' title="bbox 637 1575 2787 1669; baseline 0.001 -23"><span class='ocrx_word' id='word_1_65' title='bbox 637 1576 804 1667; x_wconf 89' lang='lat' dir='ltr'><strong>puli:</strong></span> <span class='ocrx_word' id='word_1_66' title='bbox 849 1575 998 1661; x_wconf 88' lang='lat' dir='ltr'><strong>ivit,</strong></span> <span class='ocrx_word' id='word_1_67' title='bbox 1042 1586 1114 1646; x_wconf 94' lang='lat' dir='ltr'><strong>et</strong></span> <span class='ocrx_word' id='word_1_68' title='bbox 1156 1596 1321 1647; x_wconf 86' lang='lat' dir='ltr'><strong>mox</strong></span> <span class='ocrx_word' id='word_1_69' title='bbox 1363 1597 1730 1661; x_wconf 83' lang='lat' dir='ltr'><strong>reversuS,</strong></span> <span class='ocrx_word' id='word_1_70' title='bbox 1782 1576 2024 1647; x_wconf 87' lang='lat' dir='ltr'><strong>nescio</strong></span> <span class='ocrx_word' id='word_1_71' title='bbox 2057 1575 2228 1668; x_wconf 91' lang='lat' dir='ltr'><strong>quid</strong></span> <span class='ocrx_word' id='word_1_72' title='bbox 2272 1576 2419 1669; x_wconf 90' lang='lat' dir='ltr'><strong>spei</strong></span> <span class='ocrx_word' id='word_1_73' title='bbox 2486 1575 2787 1648; x_wconf 90' lang='lat' dir='ltr'><strong>melioris</strong></span> 
     </span>
     <span class='ocr_line' id='line_1_11' title="bbox 640 1697 2784 1792; baseline -0 -23"><span class='ocrx_word' id='word_1_74' title='bbox 640 1697 885 1771; x_wconf 87' lang='lat' dir='ltr'><strong>attulit.</strong></span> <span class='ocrx_word' id='word_1_75' title='bbox 933 1698 1101 1771; x_wconf 91' lang='lat' dir='ltr'><strong>Inde</strong></span> <span class='ocrx_word' id='word_1_76' title='bbox 1139 1699 1483 1784; x_wconf 87' lang='lat' dir='ltr'><strong>certatim,</strong></span> <span class='ocrx_word' id='word_1_77' title='bbox 1521 1700 1641 1792; x_wconf 89' lang='lat' dir='ltr'><strong>qui</strong></span> <span class='ocrx_word' id='word_1_78' title='bbox 1684 1699 2171 1783; x_wconf 86' lang='lat' dir='ltr'><strong>deseruerant,</strong></span> <span class='ocrx_word' id='word_1_79' title='bbox 2209 1721 2454 1771; x_wconf 89' lang='lat' dir='ltr'><strong>omnes</strong></span> <span class='ocrx_word' id='word_1_80' title='bbox 2497 1699 2784 1771; x_wconf 89' lang='lat' dir='ltr'><strong>rediere.</strong></span> 
     </span>
     <span class='ocr_line' id='line_1_12' title="bbox 638 1821 2792 1916; baseline 0 -23"><span class='ocrx_word' id='word_1_81' title='bbox 638 1824 750 1896; x_wconf 91' lang='lat' dir='ltr'><strong>Sic</strong></span> <span class='ocrx_word' id='word_1_82' title='bbox 776 1823 1048 1895; x_wconf 88' lang='lat' dir='ltr'><strong>amicus</strong></span> <span class='ocrx_word' id='word_1_83' title='bbox 1091 1846 1287 1896; x_wconf 91' lang='lat' dir='ltr'><strong>meus</strong></span> <span class='ocrx_word' id='word_1_84' title='bbox 1356 1845 1449 1894; x_wconf 78' lang='lat' dir='ltr'><strong>ex</strong></span> <span class='ocrx_word' id='word_1_85' title='bbox 1512 1822 1665 1916; x_wconf 86' lang='lat' dir='ltr'><strong>ipsa</strong></span> <span class='ocrx_word' id='word_1_86' title='bbox 1728 1821 1897 1893; x_wconf 91' lang='lat' dir='ltr'><strong>mihi</strong></span> <span class='ocrx_word' id='word_1_87' title='bbox 1960 1831 2183 1894; x_wconf 84' lang='lat' dir='ltr'><strong>morte</strong></span> <span class='ocrx_word' id='word_1_88' title='bbox 2245 1822 2650 1894; x_wconf 88' lang='lat' dir='ltr'><strong>restituitur.</strong></span> <span class='ocrx_word' id='word_1_89' title='bbox 2702 1823 2792 1900; x_wconf 90' lang='lat' dir='ltr'><strong>Et</strong></span> 
     </span>
     <span class='ocr_line' id='line_1_13' title="bbox 635 1944 2788 2040; baseline -0.001 -22"><span class='ocrx_word' id='word_1_90' title='bbox 635 1968 1055 2040; x_wconf 89' lang='lat' dir='ltr'><strong>quamquam</strong></span> <span class='ocrx_word' id='word_1_91' title='bbox 1092 1946 1459 2019; x_wconf 90' lang='lat' dir='ltr'><strong>dulcedine</strong></span> <span class='ocrx_word' id='word_1_92' title='bbox 1497 1957 1773 2039; x_wconf 88' lang='lat' dir='ltr'><strong>captus,</strong></span> <span class='ocrx_word' id='word_1_93' title='bbox 1804 1945 1875 2015; x_wconf 90' lang='lat' dir='ltr'><strong>in</strong></span> <span class='ocrx_word' id='word_1_94' title='bbox 1902 1944 2112 2016; x_wconf 90' lang='lat' dir='ltr'><strong>rebus</strong></span> <span class='ocrx_word' id='word_1_95' title='bbox 2147 1944 2442 2039; x_wconf 87' lang='lat' dir='ltr'><strong>propriis</strong></span> <span class='ocrx_word' id='word_1_96' title='bbox 2481 1945 2609 2015; x_wconf 90' lang='lat' dir='ltr'><strong>sim</strong></span> <span class='ocrx_word' id='word_1_97' title='bbox 2642 1945 2788 2016; x_wconf 89' lang='lat' dir='ltr'><strong>lon·</strong></span> 
     </span>
     <span class='ocr_line' id='line_1_14' title="bbox 637 2070 2791 2166; baseline 0 -26"><span class='ocrx_word' id='word_1_98' title='bbox 637 2071 818 2163; x_wconf 87' lang='lat' dir='ltr'><strong>gior,</strong></span> <span class='ocrx_word' id='word_1_99' title='bbox 865 2081 1094 2143; x_wconf 90' lang='lat' dir='ltr'><strong>tamen</strong></span> <span class='ocrx_word' id='word_1_100' title='bbox 1135 2073 1324 2165; x_wconf 91' lang='lat' dir='ltr'><strong>quod</strong></span> <span class='ocrx_word' id='word_1_101' title='bbox 1359 2073 1674 2166; x_wconf 86' lang='lat' dir='ltr'><strong>sequitur</strong></span> <span class='ocrx_word' id='word_1_102' title='bbox 1716 2094 1854 2144; x_wconf 89' lang='lat' dir='ltr'><strong>non</strong></span> <span class='ocrx_word' id='word_1_103' title='bbox 1897 2072 2136 2144; x_wconf 89' lang='lat' dir='ltr'><strong>silebo.</strong></span> <span class='ocrx_word' id='word_1_104' title='bbox 2180 2070 2473 2142; x_wconf 86' lang='lat' dir='ltr'><strong>Iacobus</strong></span> <span class='ocrx_word' id='word_1_105' title='bbox 2523 2070 2611 2142; x_wconf 92' lang='lat' dir='ltr'><strong>de</strong></span> <span class='ocrx_word' id='word_1_106' title='bbox 2662 2071 2791 2142; x_wconf 91' lang='lat' dir='ltr'><strong>Co-</strong></span> 
     </span>
     <span class='ocr_line' id='line_1_15' title="bbox 638 2192 2793 2266; baseline -0.001 -3"><span class='ocrx_word' id='word_1_107' title='bbox 638 2195 874 2265; x_wconf 90' lang='lat' dir='ltr'><strong>lumna</strong></span> <span class='ocrx_word' id='word_1_108' title='bbox 913 2194 1027 2265; x_wconf 88' lang='lat' dir='ltr'><strong>hic</strong></span> <span class='ocrx_word' id='word_1_109' title='bbox 1067 2194 1291 2266; x_wconf 87' lang='lat' dir='ltr'><strong>iunior</strong></span> <span class='ocrx_word' id='word_1_110' title='bbox 1332 2216 1470 2265; x_wconf 90' lang='lat' dir='ltr'><strong>non</strong></span> <span class='ocrx_word' id='word_1_111' title='bbox 1511 2203 1751 2264; x_wconf 89' lang='lat' dir='ltr'><strong>nostra</strong></span> <span class='ocrx_word' id='word_1_112' title='bbox 1793 2204 2059 2266; x_wconf 90' lang='lat' dir='ltr'><strong>tantum</strong></span> <span class='ocrx_word' id='word_1_113' title='bbox 2102 2204 2310 2266; x_wconf 84' lang='lat' dir='ltr'><strong>aetate</strong></span> <span class='ocrx_word' id='word_1_114' title='bbox 2342 2193 2452 2265; x_wconf 89' lang='lat' dir='ltr'><strong>vir</strong></span> <span class='ocrx_word' id='word_1_115' title='bbox 2492 2192 2793 2265; x_wconf 86' lang='lat' dir='ltr'><strong>clarissi-</strong></span> 
     </span>
     <span class='ocr_line' id='line_1_16' title="bbox 638 2315 2793 2411; baseline -0 -24"><span class='ocrx_word' id='word_1_116' title='bbox 638 2340 825 2402; x_wconf 84' lang='lat' dir='ltr'><strong>muS,</strong></span> <span class='ocrx_word' id='word_1_117' title='bbox 872 2317 1000 2388; x_wconf 91' lang='lat' dir='ltr'><strong>sed</strong></span> <span class='ocrx_word' id='word_1_118' title='bbox 1033 2338 1116 2387; x_wconf 92' lang='lat' dir='ltr'><strong>eo</strong></span> <span class='ocrx_word' id='word_1_119' title='bbox 1158 2315 1433 2409; x_wconf 88' lang='lat' dir='ltr'><strong>ingenio</strong></span> <span class='ocrx_word' id='word_1_120' title='bbox 1474 2317 1812 2409; x_wconf 77' lang='lat' dir='ltr'><strong>praeditus</strong></span> <span class='ocrx_word' id='word_1_121' title='bbox 1853 2317 2002 2404; x_wconf 85' lang='lat' dir='ltr'><strong>fuit,</strong></span> <span class='ocrx_word' id='word_1_122' title='bbox 2050 2327 2127 2388; x_wconf 94' lang='lat' dir='ltr'><strong>ut</strong></span> <span class='ocrx_word' id='word_1_123' title='bbox 2165 2317 2384 2402; x_wconf 83' lang='lat' dir='ltr'><strong>facile,</strong></span> <span class='ocrx_word' id='word_1_124' title='bbox 2427 2315 2793 2411; x_wconf 88' lang='lat' dir='ltr'><strong>quibusvis</strong></span> 
     </span>
     <span class='ocr_line' id='line_1_17' title="bbox 639 2438 2789 2534; baseline -0.001 -24"><span class='ocrx_word' id='word_1_125' title='bbox 639 2440 944 2524; x_wconf 82' lang='lat' dir='ltr'><strong>saeculiS,</strong></span> <span class='ocrx_word' id='word_1_126' title='bbox 984 2439 1054 2510; x_wconf 91' lang='lat' dir='ltr'><strong>in</strong></span> <span class='ocrx_word' id='word_1_127' title='bbox 1090 2442 1303 2511; x_wconf 86' lang='lat' dir='ltr'><strong>altum</strong></span> <span class='ocrx_word' id='word_1_128' title='bbox 1330 2438 1581 2512; x_wconf 83' lang='lat' dir='ltr'><strong>suisset</strong></span> <span class='ocrx_word' id='word_1_129' title='bbox 1603 2463 1974 2513; x_wconf 85' lang='lat' dir='ltr'><strong>evasurus.</strong></span> <span class='ocrx_word' id='word_1_130' title='bbox 2004 2441 2179 2515; x_wconf 89' lang='lat' dir='ltr'><strong>Huic</strong></span> <span class='ocrx_word' id='word_1_131' title='bbox 2202 2463 2359 2534; x_wconf 90' lang='lat' dir='ltr'><strong>ego,</strong></span> <span class='ocrx_word' id='word_1_132' title='bbox 2389 2442 2554 2513; x_wconf 92' lang='lat' dir='ltr'><strong>dum</strong></span> <span class='ocrx_word' id='word_1_133' title='bbox 2584 2439 2789 2524; x_wconf 82' lang='lat' dir='ltr'><strong>vixit,</strong></span> 
     </span>
     <span class='ocr_line' id='line_1_18' title="bbox 637 2561 2794 2659; baseline 0.001 -27"><span class='ocrx_word' id='word_1_134' title='bbox 637 2564 806 2634; x_wconf 89' lang='lat' dir='ltr'><strong>satis</strong></span> <span class='ocrx_word' id='word_1_135' title='bbox 847 2561 1269 2634; x_wconf 85' lang='lat' dir='ltr'><strong>familiariter</strong></span> <span class='ocrx_word' id='word_1_136' title='bbox 1307 2583 1514 2633; x_wconf 89' lang='lat' dir='ltr'><strong>carus</strong></span> <span class='ocrx_word' id='word_1_137' title='bbox 1556 2562 1675 2634; x_wconf 83' lang='lat' dir='ltr'><strong>fui.</strong></span> <span class='ocrx_word' id='word_1_138' title='bbox 1712 2564 1975 2635; x_wconf 89' lang='lat' dir='ltr'><strong>Verum</strong></span> <span class='ocrx_word' id='word_1_139' title='bbox 2017 2563 2197 2636; x_wconf 85' lang='lat' dir='ltr'><strong>hanc</strong></span> <span class='ocrx_word' id='word_1_140' title='bbox 2238 2586 2447 2636; x_wconf 88' lang='lat' dir='ltr'><strong>unam</strong></span> <span class='ocrx_word' id='word_1_141' title='bbox 2489 2564 2794 2659; x_wconf 87' lang='lat' dir='ltr'><strong>asperio—</strong></span> 
     </span>
     <span class='ocr_line' id='line_1_19' title="bbox 638 2676 2794 2780; baseline 0.002 -26"><span class='ocrx_word' id='word_1_142' title='bbox 638 2684 734 2756; x_wconf 86' lang='lat' dir='ltr'><strong>ris</strong></span> <span class='ocrx_word' id='word_1_143' title='bbox 784 2676 1078 2755; x_wconf 84' lang='lat' dir='ltr'><strong>sortunae</strong></span> <span class='ocrx_word' id='word_1_144' title='bbox 1127 2684 1479 2756; x_wconf 86' lang='lat' dir='ltr'><strong>levitatem</strong></span> <span class='ocrx_word' id='word_1_145' title='bbox 1531 2684 1879 2777; x_wconf 84' lang='lat' dir='ltr'><strong>experior.</strong></span> <span class='ocrx_word' id='word_1_146' title='bbox 1940 2685 2228 2757; x_wconf 90' lang='lat' dir='ltr'><strong>Perraro</strong></span> <span class='ocrx_word' id='word_1_147' title='bbox 2281 2687 2630 2780; x_wconf 89' lang='lat' dir='ltr'><strong>supremis</strong></span> <span class='ocrx_word' id='word_1_148' title='bbox 2682 2710 2794 2758; x_wconf 94' lang='lat' dir='ltr'><strong>me</strong></span> 
     </span>
     <span class='ocr_line' id='line_1_20' title="bbox 635 2806 2794 2902; baseline 0.002 -23"><span class='ocrx_word' id='word_1_149' title='bbox 635 2806 989 2879; x_wconf 92' lang='lat' dir='ltr'><strong>doloribus</strong></span> <span class='ocrx_word' id='word_1_150' title='bbox 1052 2806 1228 2878; x_wconf 92' lang='lat' dir='ltr'><strong>meis</strong></span> <span class='ocrx_word' id='word_1_151' title='bbox 1293 2806 1638 2878; x_wconf 91' lang='lat' dir='ltr'><strong>interesse</strong></span> <span class='ocrx_word' id='word_1_152' title='bbox 1690 2806 2064 2889; x_wconf 89' lang='lat' dir='ltr'><strong>sustinuit;</strong></span> <span class='ocrx_word' id='word_1_153' title='bbox 2105 2806 2195 2879; x_wconf 95' lang='lat' dir='ltr'><strong>de</strong></span> <span class='ocrx_word' id='word_1_154' title='bbox 2240 2812 2618 2902; x_wconf 87' lang='lat' dir='ltr'><strong>longinquo</strong></span> <span class='ocrx_word' id='word_1_155' title='bbox 2668 2833 2794 2883; x_wconf 86' lang='lat' dir='ltr'><strong>no-</strong></span> 
     </span>
     <span class='ocr_line' id='line_1_21' title="bbox 633 2928 2792 3021; baseline -0 -20"><span class='ocrx_word' id='word_1_156' title='bbox 633 2930 791 3011; x_wconf 88' lang='lat' dir='ltr'><strong>cuit,</strong></span> <span class='ocrx_word' id='word_1_157' title='bbox 827 2937 898 3001; x_wconf 91' lang='lat' dir='ltr'><strong>et</strong></span> <span class='ocrx_word' id='word_1_158' title='bbox 928 2931 1342 3002; x_wconf 88' lang='lat' dir='ltr'><strong>vulnerasse</strong></span> <span class='ocrx_word' id='word_1_159' title='bbox 1365 2951 1576 3001; x_wconf 87' lang='lat' dir='ltr'><strong>aures</strong></span> <span class='ocrx_word' id='word_1_160' title='bbox 1611 2936 1947 3011; x_wconf 88' lang='lat' dir='ltr'><strong>contenta,</strong></span> <span class='ocrx_word' id='word_1_161' title='bbox 1977 2928 2280 3021; x_wconf 87' lang='lat' dir='ltr'><strong>pepercit</strong></span> <span class='ocrx_word' id='word_1_162' title='bbox 2304 2929 2545 2999; x_wconf 90' lang='lat' dir='ltr'><strong>oculis.</strong></span> <span class='ocrx_word' id='word_1_163' title='bbox 2575 2932 2792 3000; x_wconf 90' lang='lat' dir='ltr'><strong>Multa</strong></span> 
     </span>
     <span class='ocr_line' id='line_1_22' title="bbox 636 3049 2791 3145; baseline -0.001 -19"><span class='ocrx_word' id='word_1_164' title='bbox 636 3052 727 3126; x_wconf 92' lang='lat' dir='ltr'><strong>de</strong></span> <span class='ocrx_word' id='word_1_165' title='bbox 765 3050 879 3124; x_wconf 90' lang='lat' dir='ltr'><strong>illo</strong></span> <span class='ocrx_word' id='word_1_166' title='bbox 911 3052 1066 3124; x_wconf 89' lang='lat' dir='ltr'><strong>viro</strong></span> <span class='ocrx_word' id='word_1_167' title='bbox 1104 3051 1239 3125; x_wconf 86' lang='lat' dir='ltr'><strong>dici</strong></span> <span class='ocrx_word' id='word_1_168' title='bbox 1282 3060 1597 3145; x_wconf 90' lang='lat' dir='ltr'><strong>possent,</strong></span> <span class='ocrx_word' id='word_1_169' title='bbox 1635 3072 1796 3143; x_wconf 86' lang='lat' dir='ltr'><strong>quae</strong></span> <span class='ocrx_word' id='word_1_170' title='bbox 1839 3059 2217 3144; x_wconf 80' lang='lat' dir='ltr'><strong>praetereo:</strong></span> <span class='ocrx_word' id='word_1_171' title='bbox 2260 3049 2587 3143; x_wconf 89' lang='lat' dir='ltr'><strong>quoniam</strong></span> <span class='ocrx_word' id='word_1_172' title='bbox 2629 3060 2701 3123; x_wconf 93' lang='lat' dir='ltr'><strong>et</strong></span> <span class='ocrx_word' id='word_1_173' title='bbox 2749 3074 2791 3123; x_wconf 87' lang='lat' dir='ltr'><strong>a</strong></span> 
     </span>
     <span class='ocr_line' id='line_1_23' title="bbox 638 3172 2792 3273; baseline -0.001 -26"><span class='ocrx_word' id='word_1_174' title='bbox 638 3177 990 3273; x_wconf 88' lang='lat' dir='ltr'><strong>proposito</strong></span> <span class='ocrx_word' id='word_1_175' title='bbox 1030 3178 1234 3269; x_wconf 92' lang='lat' dir='ltr'><strong>longe</strong></span> <span class='ocrx_word' id='word_1_176' title='bbox 1288 3184 1480 3262; x_wconf 90' lang='lat' dir='ltr'><strong>sunt,</strong></span> <span class='ocrx_word' id='word_1_177' title='bbox 1537 3183 1612 3247; x_wconf 90' lang='lat' dir='ltr'><strong>et</strong></span> <span class='ocrx_word' id='word_1_178' title='bbox 1657 3174 1747 3247; x_wconf 93' lang='lat' dir='ltr'><strong>de</strong></span> <span class='ocrx_word' id='word_1_179' title='bbox 1806 3172 2117 3245; x_wconf 90' lang='lat' dir='ltr'><strong>moribus</strong></span> <span class='ocrx_word' id='word_1_180' title='bbox 2158 3174 2437 3267; x_wconf 90' lang='lat' dir='ltr'><strong>quidem</strong></span> <span class='ocrx_word' id='word_1_181' title='bbox 2490 3174 2643 3246; x_wconf 91' lang='lat' dir='ltr'><strong>eius</strong></span> <span class='ocrx_word' id='word_1_182' title='bbox 2695 3176 2792 3246; x_wconf 92' lang='lat' dir='ltr'><strong>nil</strong></span> 
     </span>
     <span class='ocr_line' id='line_1_24' title="bbox 640 3296 2799 3395; baseline 0.001 -26"><span class='ocrx_word' id='word_1_183' title='bbox 640 3307 716 3371; x_wconf 92' lang='lat' dir='ltr'><strong>tu</strong></span> <span class='ocrx_word' id='word_1_184' title='bbox 763 3320 1024 3373; x_wconf 87' lang='lat' dir='ltr'><strong>novum</strong></span> <span class='ocrx_word' id='word_1_185' title='bbox 1075 3299 1319 3384; x_wconf 83' lang='lat' dir='ltr'><strong>audire</strong></span> <span class='ocrx_word' id='word_1_186' title='bbox 1368 3309 1590 3395; x_wconf 81' lang='lat' dir='ltr'><strong>poteS,</strong></span> <span class='ocrx_word' id='word_1_187' title='bbox 1647 3297 1766 3392; x_wconf 92' lang='lat' dir='ltr'><strong>qui</strong></span> <span class='ocrx_word' id='word_1_188' title='bbox 1815 3320 1856 3370; x_wconf 94' lang='lat' dir='ltr'><strong>e</strong></span> <span class='ocrx_word' id='word_1_189' title='bbox 1906 3297 2173 3369; x_wconf 90' lang='lat' dir='ltr'><strong>cunctis</strong></span> <span class='ocrx_word' id='word_1_190' title='bbox 2217 3297 2561 3391; x_wconf 88' lang='lat' dir='ltr'><strong>episcopis</strong></span> <span class='ocrx_word' id='word_1_191' title='bbox 2611 3296 2799 3371; x_wconf 89' lang='lat' dir='ltr'><strong>hunc</strong></span> 
     </span>
     <span class='ocr_line' id='line_1_25' title="bbox 643 3420 2799 3516; baseline -0.001 -21"><span class='ocrx_word' id='word_1_192' title='bbox 643 3448 852 3496; x_wconf 89' lang='lat' dir='ltr'><strong>unum</strong></span> <span class='ocrx_word' id='word_1_193' title='bbox 883 3424 1004 3496; x_wconf 89' lang='lat' dir='ltr'><strong>tibi</strong></span> <span class='ocrx_word' id='word_1_194' title='bbox 1038 3423 1404 3497; x_wconf 89' lang='lat' dir='ltr'><strong>colendum</strong></span> <span class='ocrx_word' id='word_1_195' title='bbox 1432 3420 2049 3516; x_wconf 90' lang='lat' dir='ltr'><strong>venerandumque</strong></span> <span class='ocrx_word' id='word_1_196' title='bbox 2075 3420 2465 3515; x_wconf 79' lang='lat' dir='ltr'><strong>delegeras.</strong></span> <span class='ocrx_word' id='word_1_197' title='bbox 2494 3423 2799 3494; x_wconf 89' lang='lat' dir='ltr'><strong>Florenti</strong></span> 
     </span>
     <span class='ocr_line' id='line_1_26' title="bbox 639 3544 2800 3642; baseline -0.002 -23"><span class='ocrx_word' id='word_1_198' title='bbox 639 3557 870 3634; x_wconf 86' lang='lat' dir='ltr'><strong>aetate,</strong></span> <span class='ocrx_word' id='word_1_199' title='bbox 901 3547 1430 3642; x_wconf 86' lang='lat' dir='ltr'><strong>generosissimi</strong></span> <span class='ocrx_word' id='word_1_200' title='bbox 1465 3544 1935 3619; x_wconf 87' lang='lat' dir='ltr'><strong>adolescentis</strong></span> <span class='ocrx_word' id='word_1_201' title='bbox 1970 3544 2302 3617; x_wconf 84' lang='lat' dir='ltr'><strong>eximiam</strong></span> <span class='ocrx_word' id='word_1_202' title='bbox 2338 3544 2666 3629; x_wconf 90' lang='lat' dir='ltr'><strong>indolem,</strong></span> <span class='ocrx_word' id='word_1_203' title='bbox 2697 3544 2800 3615; x_wconf 89' lang='lat' dir='ltr'><strong>in-</strong></span> 
     </span>
     <span class='ocr_line' id='line_1_27' title="bbox 640 3666 2801 3763; baseline -0.002 -21"><span class='ocrx_word' id='word_1_204' title='bbox 640 3671 1003 3763; x_wconf 87' lang='lat' dir='ltr'><strong>geniorum</strong></span> <span class='ocrx_word' id='word_1_205' title='bbox 1046 3669 1552 3744; x_wconf 88' lang='lat' dir='ltr'><strong>solertissimus</strong></span> <span class='ocrx_word' id='word_1_206' title='bbox 1596 3669 1918 3763; x_wconf 88' lang='lat' dir='ltr'><strong>agricola,</strong></span> <span class='ocrx_word' id='word_1_207' title='bbox 1956 3669 2047 3740; x_wconf 93' lang='lat' dir='ltr'><strong>de</strong></span> <span class='ocrx_word' id='word_1_208' title='bbox 2079 3666 2250 3741; x_wconf 91' lang='lat' dir='ltr'><strong>flore</strong></span> <span class='ocrx_word' id='word_1_209' title='bbox 2290 3669 2589 3740; x_wconf 87' lang='lat' dir='ltr'><strong>fructum</strong></span> <span class='ocrx_word' id='word_1_210' title='bbox 2614 3668 2801 3760; x_wconf 89' lang='lat' dir='ltr'><strong>cogi-</strong></span> 
     </span>
     <span class='ocr_line' id='line_1_28' title="bbox 640 3790 2800 3885; baseline -0.003 -19"><span class='ocrx_word' id='word_1_211' title='bbox 640 3802 825 3880; x_wconf 87' lang='lat' dir='ltr'><strong>tans,</strong></span> <span class='ocrx_word' id='word_1_212' title='bbox 868 3795 1124 3867; x_wconf 86' lang='lat' dir='ltr'><strong>fovisti.</strong></span> <span class='ocrx_word' id='word_1_213' title='bbox 1153 3794 1494 3866; x_wconf 89' lang='lat' dir='ltr'><strong>Virtutem</strong></span> <span class='ocrx_word' id='word_1_214' title='bbox 1540 3815 1708 3865; x_wconf 86' lang='lat' dir='ltr'><strong>mox</strong></span> <span class='ocrx_word' id='word_1_215' title='bbox 1751 3791 1969 3865; x_wconf 88' lang='lat' dir='ltr'><strong>virilis</strong></span> <span class='ocrx_word' id='word_1_216' title='bbox 2010 3791 2222 3862; x_wconf 90' lang='lat' dir='ltr'><strong>animi</strong></span> <span class='ocrx_word' id='word_1_217' title='bbox 2264 3790 2523 3885; x_wconf 91' lang='lat' dir='ltr'><strong>optime</strong></span> <span class='ocrx_word' id='word_1_218' title='bbox 2563 3790 2800 3883; x_wconf 87' lang='lat' dir='ltr'><strong>cogni-</strong></span> 
     </span>
     <span class='ocr_line' id='line_1_29' title="bbox 642 3913 2800 4007; baseline -0.003 -19"><span class='ocrx_word' id='word_1_219' title='bbox 642 3926 781 3989; x_wconf 86' lang='lat' dir='ltr'><strong>tam</strong></span> <span class='ocrx_word' id='word_1_220' title='bbox 832 3916 1127 4000; x_wconf 77' lang='lat' dir='ltr'><strong>amasti:</strong></span> <span class='ocrx_word' id='word_1_221' title='bbox 1183 3915 1464 3988; x_wconf 90' lang='lat' dir='ltr'><strong>tandem</strong></span> <span class='ocrx_word' id='word_1_222' title='bbox 1515 3913 1787 3987; x_wconf 91' lang='lat' dir='ltr'><strong>debitos</strong></span> <span class='ocrx_word' id='word_1_223' title='bbox 1839 3915 2142 3988; x_wconf 91' lang='lat' dir='ltr'><strong>honores</strong></span> <span class='ocrx_word' id='word_1_224' title='bbox 2195 3913 2515 4007; x_wconf 88' lang='lat' dir='ltr'><strong>dignitati</strong></span> <span class='ocrx_word' id='word_1_225' title='bbox 2566 3935 2648 3986; x_wconf 86' lang='lat' dir='ltr'><strong>ac</strong></span> <span class='ocrx_word' id='word_1_226' title='bbox 2687 3933 2800 3983; x_wconf 88' lang='lat' dir='ltr'><strong>sa-</strong></span> 
     </span>
     <span class='ocr_line' id='line_1_30' title="bbox 640 4038 2795 4133; baseline -0.001 -24"><span class='ocrx_word' id='word_1_227' title='bbox 640 4038 948 4111; x_wconf 87' lang='lat' dir='ltr'><strong>cerdotio</strong></span> <span class='ocrx_word' id='word_1_228' title='bbox 1022 4039 1355 4112; x_wconf 86' lang='lat' dir='ltr'><strong>detulisti.</strong></span> <span class='ocrx_word' id='word_1_229' title='bbox 1406 4040 1789 4124; x_wconf 90' lang='lat' dir='ltr'><strong>Postremo,</strong></span> <span class='ocrx_word' id='word_1_230' title='bbox 1870 4038 1960 4111; x_wconf 92' lang='lat' dir='ltr'><strong>de</strong></span> <span class='ocrx_word' id='word_1_231' title='bbox 2032 4061 2372 4133; x_wconf 86' lang='lat' dir='ltr'><strong>procursu</strong></span> <span class='ocrx_word' id='word_1_232' title='bbox 2455 4047 2795 4108; x_wconf 86' lang='lat' dir='ltr'><strong>tantarum</strong></span> 
     </span>
     <span class='ocr_line' id='line_1_31' title="bbox 641 4159 2794 4254; baseline 0.001 -27"><span class='ocrx_word' id='word_1_233' title='bbox 641 4178 899 4241; x_wconf 88' lang='lat' dir='ltr'><strong>rerum,</strong></span> <span class='ocrx_word' id='word_1_234' title='bbox 939 4168 1009 4229; x_wconf 89' lang='lat' dir='ltr'><strong>et</strong></span> <span class='ocrx_word' id='word_1_235' title='bbox 1040 4182 1080 4230; x_wconf 94' lang='lat' dir='ltr'><strong>e</strong></span> <span class='ocrx_word' id='word_1_236' title='bbox 1116 4161 1365 4233; x_wconf 90' lang='lat' dir='ltr'><strong>mediis</strong></span> <span class='ocrx_word' id='word_1_237' title='bbox 1398 4160 1568 4231; x_wconf 84' lang='lat' dir='ltr'><strong>vitae</strong></span> <span class='ocrx_word' id='word_1_238' title='bbox 1600 4159 1973 4245; x_wconf 83' lang='lat' dir='ltr'><strong>laboribuS,</strong></span> <span class='ocrx_word' id='word_1_239' title='bbox 2012 4161 2338 4254; x_wconf 88' lang='lat' dir='ltr'><strong>quamvis</strong></span> <span class='ocrx_word' id='word_1_240' title='bbox 2364 4161 2454 4232; x_wconf 89' lang='lat' dir='ltr'><strong>ad</strong></span> <span class='ocrx_word' id='word_1_241' title='bbox 2479 4159 2794 4243; x_wconf 89' lang='lat' dir='ltr'><strong>meliora,</strong></span> 
     </span>
     <span class='ocr_line' id='line_1_32' title="bbox 643 4275 2796 4374; baseline 0.003 -30"><span class='ocrx_word' id='word_1_242' title='bbox 643 4275 1068 4363; x_wconf 90' lang='lat' dir='ltr'><strong>translatum,</strong></span> <span class='ocrx_word' id='word_1_243' title='bbox 1101 4287 1349 4365; x_wconf 90' lang='lat' dir='ltr'><strong>tamen,</strong></span> <span class='ocrx_word' id='word_1_244' title='bbox 1380 4279 1829 4352; x_wconf 86' lang='lat' dir='ltr'><strong>humanitatis</strong></span> <span class='ocrx_word' id='word_1_245' title='bbox 1856 4279 2124 4365; x_wconf 86' lang='lat' dir='ltr'><strong>affectu,</strong></span> <span class='ocrx_word' id='word_1_246' title='bbox 2158 4282 2285 4374; x_wconf 89' lang='lat' dir='ltr'><strong>piis</strong></span> <span class='ocrx_word' id='word_1_247' title='bbox 2313 4279 2613 4352; x_wconf 85' lang='lat' dir='ltr'><strong>lacrimis</strong></span> <span class='ocrx_word' id='word_1_248' title='bbox 2639 4299 2796 4372; x_wconf 92' lang='lat' dir='ltr'><strong>pro·</strong></span> 
     </span>
    </p>
   </div>
  </div>
 </body>
</html>
