3104 4805
913 319 1100 368 mnna
1141 318 1880 378 omarus-masreca
1921 322 2069 371 xvu.
2458 307 2570 370 247

411 464 644 538 dicere
685 460 1050 555 sapienter,
1087 460 1216 532 sed
1253 438 1544 533 feliciter
1583 463 1840 534 factum
1879 471 2032 535 est:
2074 472 2147 536 et
2186 465 2378 557 quod
2441 466 2578 537 Bo-

412 585 690 659 uoniam
730 582 893 670 vidi,
936 594 1009 656 et
1046 583 1238 676 quod
1271 606 1408 657 uon
1447 583 1725 660 inhaesi.
1764 584 1959 658 Vale.

697 731 749 788 11
776 730 903 787 Kal.
935 730 1247 803 Septemhr.

1211 1117 1565 1182 EPISTOLA
1607 1118 1768 1182 xvu.

871 1310 1256 1361 FRANCISCUS
1297 1310 1637 1362 PETRARCA
1670 1311 1764 1360 -AD
1806 1309 2110 1362 IGNOTUM.

596 1488 661 1543 In
689 1489 836 1543 victu
863 1487 1128 1559 cultuque
1156 1488 1400 1560 corporis
1427 1487 1910 1560 intemperantiam
1938 1504 2058 1544 esse
2084 1488 2382 1544 vitandam.

602 1714 947 1787 Delectari
1011 1725 1081 1785 te
1137 1712 1423 1784 lautitiis
1481 1734 1622 1784 non
1671 1714 1928 1794 miror3
1979 1736 2360 1808 paucorum
2414 1715 2573 1788 haec

408 1839 771 1910 domorum
797 1836 1016 1928 pestis
1044 1834 1207 1908 olim
1239 1834 1534 1931 hospita,
1573 1856 1760 1906 nunc
1793 1834 2103 1905 omnium
2131 1836 2318 1928 iugis
2343 1837 2570 1910 incola

405 1971 558 2042 est;
600 1958 735 2028 nisi
782 1979 1079 2050 quarum
1128 1967 1504 2051 paupertas
1546 1956 1758 2028 limen
1808 1954 2126 2029 obstruit.
2171 1959 2323 2042 Qua
2375 1957 2446 2029 in
2496 1981 2573 2030 re

406 2104 544 2154 non
583 2089 847 2164 natura,
877 2079 1118 2171 paucis
1144 2080 1349 2169 longe
1375 2078 1747 2150 iucundius
1774 2078 2043 2150 victura
2068 2100 2279 2172 quam
2314 2079 2567 2163 nimiiS,

406 2204 533 2276 sed
572 2199 1007 2276 consuetudo
1048 2201 1361 2285 multum,
1400 2202 1757 2293 multoque
1798 2201 2023 2294 magis
2065 2211 2303 2295 peccat
2342 2201 2572 2274 imita-

406 2328 518 2399 tio.
572 2326 743 2413 Quis
792 2324 979 2396 enim
1030 2333 1172 2393 tam
1232 2324 1524 2394 frenatae
1573 2322 1939 2395 modestiae
1987 2333 2125 2411 est,
2179 2325 2380 2396 cuius
2431 2346 2571 2396 non

407 2448 754 2520 interdum
796 2448 1035 2518 oculos
1070 2453 1341 2517 avertat
1374 2445 1583 2517 vicini
1617 2457 1940 2543 sumptus
1973 2445 2156 2523 nitor
2189 2468 2272 2518 ac
2307 2445 2571 2538 gloria?

405 2571 545 2642 Sed
582 2569 749 2641 utile
786 2557 1157 2640 'consilium
1198 2578 1311 2639 est
1357 2566 1651 2639 Plautini
1695 2567 1885 2640 senis
1927 2569 1999 2639 in
2032 2540 2415 2654 Aulularia,
2436 2591 2567 2661 pro

401 2713 474 2760 re
521 2691 832 2775 nitorem,
880 2700 941 2759 et
986 2690 1270 2778 qloriam
1300 2711 1429 2782 pro
1480 2690 1690 2782 copia.
1736 2690 1952 2762 Cuius
1989 2691 2048 2762 si
2084 2690 2568 2762 meminissent

401 2812 751 2898 homineS,
805 2820 876 2884 et
913 2811 1220 2905 profusis
1264 2812 1659 2905 sumptibus
1711 2822 1781 2884 et
1820 2813 2075 2906 iniquis
2116 2813 2327 2885 lucris
2378 2816 2571 2885 clau-

401 2935 687 3007 deretur
718 2935 865 3018 via,
920 2943 991 3004 et
1039 2935 1257 3007 multo
1292 2934 1729 3027 tranquillius
1771 2935 2153 3009 viveretur.
2197 2935 2397 3007 Nunc
2430 2956 2570 3008 cae-

401 3057 675 3130 citatem
725 3055 1070 3150 cupiditas
1120 3057 1389 3129 invexit
1436 3067 1507 3128 et
1556 3058 1829 3130 frenum
1872 3058 2155 3129 rationis
2196 3060 2404 3150 fregit
2440 3059 2572 3129 im·-

399 3187 604 3271 petus
637 3180 1037 3252 voluntatis.
1077 3179 1182 3251 Tu
1215 3189 1470 3265 autem,
1506 3200 1650 3266 ore,
1680 3190 2017 3273 quantum
2050 3189 2251 3272 potes
2276 3179 2565 3262 enitere,

404 3310 482 3372 ut
520 3299 803 3372 rationis
845 3300 1142 3396 propriae
1184 3310 1511 3386 sectator,
1556 3302 1791 3396 potius
1818 3324 2031 3396 quam
2060 3300 2307 3373 alienae
2341 3298 2572 3370 libidi-

400 3422 511 3493 nis
550 3424 912 3495 aemulator
952 3443 1314 3517 appareas.
1358 3422 1551 3515 Fuge
1585 3426 1924 3517 exempla·
1944 3424 2315 3516 pestifera:
2358 3419 2569 3491 nimis

403 3546 735 3616 malorum
787 3545 1046 3618 dociles
1097 3545 1366 3618 animos
1414 3543 1784 3616 habemus.
1827 3543 2164 3635 Magister
2214 3561 2397 3614 unus
2440 3561 2568 3612 vo-

401 3666 685 3759 luptatis
735 3689 994 3759 magno
1042 3666 1114 3738 in
1164 3669 1419 3761 populo
1471 3665 1643 3738 satis
1694 3675 1825 3739 est.
1879 3665 2027 3736 Cito
2089 3663 2397 3735 luxuriae
2450 3663 2573 3734 dat

404 3798 598 3879 terga
636 3790 1015 3883 frugalitaS,
1054 3789 1188 3864 nisi
1222 3789 1721 3883 cogitationum
1761 3795 2160 3861 nostrarum
2198 3784 2422 3858 aciem
2461 3807 2571 3857 ra-

402 3909 497 3980 tio
548 3908 805 3983 invicta
853 3911 1259 3997 firmaverit,
1306 3912 1568 3984 docens
1623 3911 1823 4004 sequi
1862 3930 2038 3980 vera
2085 3908 2297 3993 bona,
2340 3907 2572 3978 fucata

398 4041 865 4106 contemnere.
888 4034 1069 4119 Quid
1095 4056 1278 4106 nunc
1305 4032 1514 4104 vicini
1543 4035 1640 4107 tui
1666 4054 2095 4129 purpureum
2124 4033 2327 4116 latuS,
2357 4038 2572 4123 atque

400 4155 920 4232 intermicantes
961 4158 1201 4231 crebra
1255 4156 1523 4247 iaspide
1580 4157 1912 4250 digitulos
1967 4155 2286 4227 miraris?
2325 4153 2571 4224 Phale-
