3104 4805
942 455 1124 502 LIBER
1170 452 1848 503 PRIMUS.—1·JPISTOLA
1895 453 1976 501 lx.
2474 441 2550 499 09

387 605 688 689 additur,
737 621 1248 693 supervacuum
1290 601 1438 670 erit.
1486 601 1570 671 Ut
1604 610 1834 670 tamen
1870 600 2111 692 paucis
2145 601 2547 694 expediam,

386 725 576 797 haud
640 722 976 793 absimilis
1041 733 1152 793 est
1217 722 1362 792 seni
1413 722 1758 806 Plautino,
1803 722 2003 791 cuius
2048 745 2273 793 mores
2345 735 2552 816 atque

389 848 692 918 animum
743 844 1049 917 mordaci
1093 846 1238 913 sale
1280 864 1694 934 respergens
1751 865 2000 915 servus
2052 844 2165 912 ille
2218 845 2285 913 in
2332 844 2551 914 Aulu-

390 972 591 1043 laria:

623 1112 856 1173 Pumex
881 1106 1130 1189 (inquit)
1163 1122 1281 1166 non
1304 1121 1479 1182 aeque
1500 1111 1590 1167 est
1612 1106 1820 1168 aridus
1842 1111 2022 1183 atque
2043 1106 2141 1167 hic
2164 1113 2255 1169 est
2278 1122 2492 1168 senex:

630 1208 784 1281 Quin
813 1208 1029 1270 divum
1061 1211 1242 1282 atque
1275 1204 1599 1266 hominum
1631 1205 1850 1266 clamat
1883 1204 2172 1265 continuo
2209 1205 2422 1280 Iidem,

631 1306 815 1369 Suam
850 1319 984 1366 rem
1024 1302 1280 1381 periisse
1315 1318 1500 1381 seque
1534 1302 1932 1378 eradicarier,

628 1406 711 1467 De
746 1419 859 1466 suo
894 1402 1080 1481 tigillo
1114 1401 1325 1462 fumus
1360 1400 1412 1462 si
1448 1416 1569 1478 qua
1606 1402 1732 1461 exit
1769 1401 1960 1474 foras3

631 1499 820 1575 Quin,
856 1513 1001 1559 cum
1036 1497 1081 1557 it
1111 1495 1481 1571 dormitum,
1517 1496 1724 1557 follem
1753 1495 2079 1574 obstringit
2114 1498 2191 1560 ob
2226 1498 2426 1575 gulam

635 1645 809 1660 .....
838 1596 922 1657 Ne
956 1595 1103 1672 quid
1130 1593 1347 1655 animae
1382 1594 1539 1655 forte
1574 1594 1809 1656 amittat
1842 1595 2173 1659 dormiens.

632 1696 867 1772 Aquam
898 1694 1099 1755 hercle
1131 1692 1354 1771 plorat,
1382 1707 1526 1753 cum
1561 1692 1750 1766 lavat,
1787 1693 2177 1769 profundere.

636 1790 880 1851 Famem
910 1789 1111 1851 hercle
1145 1787 1430 1849 utendam
1468 1787 1520 1849 si
1554 1803 1762 1865 roges,
1800 1805 2116 1868 nunquam
2149 1790 2326 1853 dabit.

639 1884 796 1957 Quin
834 1885 947 1964 ipsi
981 1885 1216 1963 pridem
1247 1892 1456 1946 tonsor
1492 1900 1728 1962 ungues
1761 1887 2100 1964 dempserat
2112 1908 2129 1960 3

642 1982 890 2057 Collegit
922 1984 1154 2057 omnia,
1189 1982 1431 2044 abstulit
1465 1983 1884 2061 praesegmina.

636 2080 1021 2141 Pulmentum
1049 2081 1286 2157 pridem
1322 2082 1520 2142 eidem
1557 2081 1786 2160 eripuit
1820 2082 2046 2146 milvus
2059 2105 2074 2156 ;

635 2178 831 2239 Homo
865 2178 939 2239 ad
972 2183 1299 2255 praetorem
1334 2179 1822 2256 deplorabundus
1857 2180 2047 2240 venit:

638 2275 773 2335 Infit
810 2274 893 2334 ibi
928 2276 1232 2351 postulare
1265 2277 1535 2353 ploranS,
1573 2277 1830 2349 eiulanS,

636 2372 711 2436 Ut
744 2373 861 2437 sibi
902 2373 1111 2435 liceret
1152 2374 1414 2437 milvum
1452 2375 1750 2439 vadarier.

637 2471 926 2534 Sexcenta
958 2478 1098 2534 sunt
1132 2490 1271 2552 quae
1306 2489 1680 2550 memorem,
1718 2475 1766 2537 si
1804 2476 1882 2537 sit
1920 2476 2138 2538 otium.

405 2621 587 2691 Haec
627 2621 757 2690 ille.
799 2621 1019 2692 Huius
1061 2632 1291 2693 autem
1335 2624 1552 2693 nostri
1599 2597 1830 2693 sexies
1870 2632 2195 2693 sexcenta
2243 2622 2557 2692 talia-cu-

405 2741 631 2811 riosus
699 2741 1042 2813 fabulator
1108 2744 1429 2814 inveniet.
1484 2745 1838 2836 Hospitem
1902 2742 2171 2836 Apuleii
2238 2744 2557 2813 Milonem

405 2863 903 2953 prodigalitatis
948 2875 1195 2955 arguet
1246 2865 1567 2957 quisquis
1620 2866 1805 2935 hunc
1855 2864 2135 2946 viderit,
2181 2864 2293 2931 vel
2346 2864 2557 2932 semel

405 2985 697 3056 audierit
737 2983 1174 3077 disciplinam
1219 2987 1316 3057 rei
1353 2985 1711 3057 familiaris
1750 2982 2395 3072 oeconomicisnulli
2436 3007 2560 3052 un-

403 3128 610 3198 quam
638 3107 1053 3199 philosopho
1079 3108 1373 3198 cognitis
1404 3108 1665 3198 regulis
1688 3117 2172 3178 coarctantem.
2193 3105 2329 3175 Sed
2355 3105 2560 3175 nimis

404 3227 643 3298 alienis
686 3228 876 3298 vitiis
913 3229 1385 3299 immoramur.
1424 3231 1816 3301 Redeamus
1852 3229 1941 3302 ad
1978 3227 2274 3321 propria.
2304 3226 2559 3297 Omnes

405 3348 547 3416 fere
586 3350 907 3419 mortales
951 3373 1091 3419 uno
1143 3348 1385 3421 morbo
1435 3350 1865 3422 laboramus:
1907 3349 2242 3421 extremis
2292 3358 2564 3419 contra-

408 3466 528 3536 riis
571 3468 921 3541 iactamur.
966 3473 1056 3541 Et
1094 3482 1202 3541 est
1242 3471 1411 3543 illud
1451 3472 1676 3543 Flacci
1716 3473 2193 3543 verissimum:

722 3619 882 3681 Dum
917 3620 1111 3681 vitant
1144 3619 1308 3682 stulti
1343 3620 1524 3694 vitia,
1562 3620 1625 3679 in
1668 3618 1969 3679 contraria
2003 3621 2280 3677 currunt.

407 3757 590 3838 Quid
631 3769 858 3830 autem
901 3762 1236 3831 interesse
1276 3761 1627 3833 credimus
1672 3757 1848 3828 inter
1882 3756 2112 3826 Rufilli
2147 3756 2458 3848 pastillos
2495 3767 2566 3827 et

406 3880 734 3968 Gorgonii
772 3882 1069 3967 hircum,
1110 3893 1229 3953 aut
1269 3883 1444 3952 inter
1484 3878 1818 3971 Aristippi
1856 3879 2186 3948 iacturam
2222 3887 2292 3947 et
2325 3879 2566 3948 Stalle-

409 4001 489 4069 rii
529 4002 1004 4092 epigramma?
1045 4005 1196 4075 Non
1236 4015 1507 4096 oportet
1545 4025 1780 4075 errare
1822 4025 1944 4094 per
1985 4002 2213 4083 devia,
2251 4011 2320 4071 et
2360 4002 2566 4090 longe

409 4141 724 4209 quaerere
765 4123 935 4214 quid
978 4123 1215 4193 beatos
1259 4124 1480 4195 faciat.
1511 4123 1695 4194 Vitia
1732 4124 1796 4192 in
1841 4122 2175 4193 extremis
2216 4120 2563 4199 habitant3

412 4241 632 4312 virtus
677 4244 743 4313 in
789 4245 1019 4315 medio
1065 4245 1198 4315 sita
1236 4256 1364 4316 est.
1409 4248 1596 4316 Vale.
