3104 4805
1179 374 1699 423 PROLEGOMENON.
2469 375 2508 420 V

360 527 463 574 nec
496 512 654 573 inter
689 511 822 573 illas
846 527 984 590 quae
1008 514 1435 591 septemdecim
1461 513 1635 576 libris
1659 515 2107 594 comprehensae
2135 514 2196 575 in
2223 514 2508 577 anteactis

360 617 725 681 editionibus
774 617 1011 680 nullum
1058 618 1168 696 qui
1215 620 1479 699 suppleri
1532 619 1743 684 debeat
1797 620 2155 699 integritatis
2208 620 2510 682 defectum

361 725 694 805 patiuntur,
716 725 906 787 satius
931 725 1105 787 nobis
1125 725 1332 787 visum
1355 732 1447 788 est
1464 726 1572 790 has
1604 726 1930 789 Varianam
1950 743 2210 789 numero
2235 726 2507 804 augendo

359 845 694 893 accensere.
730 829 821 892 Ad
851 829 1076 892 litteras
1108 831 1349 893 tandem
1372 832 1535 909 quod
1559 830 1769 894 attinet
1792 831 1934 894 Sine
1966 833 2167 908 titulo,
2203 831 2394 894 fateor
2420 830 2506 892 vi-

362 935 489 997 deri
520 934 679 996 mihi
711 934 976 997 auctoris
1009 935 1186 998 famae
1217 936 1375 998 male
1408 936 1785 999 consuluisse
1819 935 1926 1016 qui
1960 936 2186 1000 abditas
2217 937 2292 999 ab
2335 954 2408 1000 eo
2450 944 2510 999 et

364 1038 627 1118 cuipiam
657 1046 898 1118 negatas
932 1039 994 1101 in
1023 1040 1244 1117 vulgus
1275 1040 1548 1120 proferre
1575 1057 1698 1103 non
1724 1039 2094 1105 dubitarunt.
2126 1040 2371 1118 lamque
2407 1040 2512 1102 vix

368 1159 485 1206 una
520 1144 619 1206 vel
651 1143 860 1219 altera,
888 1144 1014 1206 imo
1042 1151 1111 1206 ut
1142 1144 1368 1207 rectius
1391 1144 1633 1224 loquar,
1666 1145 1773 1207 vix
1801 1143 1984 1207 unius
2017 1143 2348 1206 alteriusve
2372 1161 2512 1223 pars

366 1248 563 1328 aliqua
594 1249 784 1314 adhuc
818 1249 1036 1313 inedita
1067 1257 1311 1326 manet;
1349 1266 1535 1329 quam
1567 1266 1769 1328 nemo,
1806 1256 1874 1312 ut
1906 1264 2198 1328 auguror,
2229 1249 2291 1310 in
2315 1249 2513 1311 lucem

368 1354 677 1428 edendam,
702 1353 850 1416 citra
875 1354 1061 1417 ullam
1087 1354 1184 1416 vel
1207 1354 1488 1418 Auctoris
1512 1356 1756 1421 laudem
1778 1356 1879 1418 vel
1905 1356 2145 1419 lectoris
2170 1354 2512 1430 utilitatem,

370 1457 493 1520 imo
522 1458 586 1520 in
620 1457 939 1537 utriusque
973 1459 1072 1521 vel
1110 1458 1288 1523 famae
1331 1461 1429 1524 vel
1467 1477 1718 1523 morum
1760 1463 2225 1538 detrimentum,
2266 1476 2515 1523 censere

368 1570 561 1641 queat.
599 1561 770 1634 Quod
801 1565 876 1627 ad
906 1580 1008 1627 me
1031 1565 1267 1642 attinet,
1296 1564 1356 1630 id
1380 1581 1490 1628 nec
1521 1567 1815 1630 catholico
1839 1584 1949 1631 nec
1974 1570 2220 1632 cordato
2256 1568 2395 1629 viro
2428 1565 2512 1630 di·

366 1686 554 1747 gnum
583 1676 829 1749 putans,
866 1686 1109 1733 omnem
1152 1670 1228 1733 de
1269 1671 1510 1734 illarum
1541 1671 1885 1734 litterarum
1918 1672 2180 1737 editione
2220 1674 2512 1752 curanda,

372 1777 467 1838 vel
500 1776 838 1854 integritate
870 1775 1239 1839 restituenda
1262 1776 1692 1855 cogitationem
1716 1776 1920 1839 reieci.
1946 1777 2107 1840 Hanc
2134 1777 2337 1855 itaque
2363 1778 2515 1840 mihi

374 1881 639 1960 Spartam
668 1898 858 1944 unam
907 1882 1350 1961 suscipiendam
1404 1882 1581 1957 duxi,
1624 1886 1694 1943 ut
1734 1880 1958 1943 relictis
2014 1882 2076 1943 in
2127 1880 2423 1956 tenebriS,
2463 1881 2517 1943 si

370 2003 507 2065 quae
537 1988 725 2049 adhuc
757 1994 920 2065 sunt,
945 1988 1165 2051 litteris
1190 1988 1331 2051 Sine
1362 1988 1558 2063 titulo,
1584 2002 1879 2050 earumve
1918 1984 2304 2064 fragmentis,
2348 2001 2516 2064 sepo·

377 2093 614 2171 sitisque
638 2092 942 2167 Sem'libus¹
963 2109 1231 2172 quarum
1254 2094 1377 2156 iam
1400 2093 1627 2172 pluries
1652 2092 1914 2173 perfecta
1939 2090 2121 2156 editio
2147 2096 2260 2167 est,
2280 2097 2518 2154 caeterae

379 2213 575 2260 omnes
604 2198 907 2262 Francisci
940 2198 1236 2263 Petrarcae
1270 2198 1564 2278 epistolae,
1609 2198 1706 2262 vel
1739 2199 1825 2261 De
1857 2197 2036 2261 reims
2076 2196 2515 2277 familiaribus,

381 2304 468 2365 vel
514 2304 835 2366 Varianam
865 2303 1110 2366 nomine
1144 2295 1547 2382 designandae,
1584 2309 1717 2365 tum
1749 2319 1887 2382 quae
1920 2303 1982 2364 in
2018 2300 2282 2379 antiquis
2309 2300 2516 2363 editio·

372 2409 543 2472 nibus
594 2415 828 2486 extant,
890 2416 1025 2472 tum
1090 2427 1228 2488 quae
1292 2426 1402 2489 per
1464 2410 1738 2474 diversas
1798 2409 2059 2489 Europae
2120 2406 2517 2471 Bibliothecas

373 2513 651 2593 dispersae
681 2516 875 2579 adhuc
911 2515 1154 2579 ineditae
1185 2520 1455 2593 manent,
1491 2517 1732 2580 tandem
1766 2515 1830 2576 in
1861 2513 2062 2578 lucem
2094 2529 2197 2577 me
2233 2512 2518 2592 primitus

377 2620 581 2681 edente
612 2620 943 2699 prodirent.

522 2725 641 2788 Nec
672 2726 1105 2804 ambigendum
1135 2725 1358 2805 cuique
1392 2733 1525 2790 erat
1558 2728 1632 2790 de
1665 2742 1927 2790 numero
1961 2726 2263 2789 librorum
2296 2725 2518 2805 quibus

376 2832 651 2893 volumen
692 2833 781 2894 De
828 2833 1006 2894 rebus
1055 2833 1464 2914 familiaribus
1507 2832 1582 2895 ab
1634 2831 1762 2912 ipso
1808 2831 2068 2896 Auctore
2109 2831 2516 2912 compositum

371 2936 443 2998 ab
477 2937 648 2999 initio
681 2937 1041 3001 constiterit.
1077 2937 1193 3002 Vix
1228 2934 1394 3001 enim
1427 2955 1461 3001 e
1496 2938 1661 3001 vivis
1686 2937 1841 3000 elato
1865 2936 2183 3000 Francisco
2208 2936 2516 3013 Petrarca,

371 3042 444 3103 de
475 3042 598 3105 vita
631 3049 693 3104 et
722 3043 1010 3123 operibus
1034 3043 1167 3107 eius
1191 3044 1704 3107 commentarium
1730 3040 1914 3106 edidit
1937 3041 2104 3104 Sicco
2129 3040 2515 3117 Polentonus,

371 3165 684 3228 quumque
717 3151 792 3213 de
822 3151 957 3214 eius
991 3153 1206 3214 litteris
1240 3152 1429 3215 verba
1461 3150 1693 3227 fecerit,
1736 3171 1760 3205 ι
1800 3149 2254 3223 mosaicarum,
2291 3146 2516 3227 inquit,

372 3255 514 3316 libri
541 3257 835 3319 habentur
866 3257 971 3336 qui
1009 3257 1238 3319 Rerum
1271 3255 1664 3320 familiarium
1703 3243 2088 3334 appellantur
2120 3252 2261 3315 XXI
2274 3252 2343 3329 V,
2379 3254 2519 3316 inde

376 3361 471 3440 qui
492 3361 725 3424 Rerum
746 3361 1033 3424 senilium
1057 3363 1478 3425 inscribuntur
1502 3361 1698 3423 XVII.
1733 3383 1758 3417 ι
1791 3360 1864 3422 Et
1882 3359 2061 3439 paulo
2086 3357 2242 3420 infra
2275 3381 2298 3413 ι
2330 3374 2518 3419 unum

371 3465 767 3543 epistolarum
798 3467 1073 3529 volumen
1112 3467 1343 3529 Rerum
1375 3465 1773 3530 familiarium
1806 3465 2171 3543 inscriptum
2202 3467 2314 3538 est,
2348 3466 2412 3522 et
2446 3461 2516 3522 li-

370 3568 505 3630 bras
538 3574 799 3648 quatuor
830 3578 889 3633 et
918 3572 1139 3653 vipinti
1168 3572 1352 3635 habet.
1393 3595 1417 3627 n
1445 3567 1463 3602 ¹
1500 3571 1585 3634 Ea
1618 3586 1803 3651 porro
1839 3568 2138 3632 Francisci
2171 3568 2328 3628 fama
2361 3565 2518 3643 apud

370 3671 647 3738 homines
688 3673 1055 3753 invaluerat,
1111 3683 1208 3751 ut,
1261 3675 1777 3755 quemadmodum
1828 3689 2010 3753 supra
2037 3670 2381 3746 innuimuS,
2415 3669 2516 3732 illo

370 3781 560 3843 adhuc
595 3780 845 3844 vivente
870 3798 1067 3860 eoque
1094 3781 1285 3861 magis
1309 3783 1652 3861 absumpto,
1674 3780 1748 3841 de
1769 3775 2060 3857 operibus
2082 3776 2216 3837 eius
2240 3774 2515 3853 colligen-

370 3885 460 3947 dis
499 3885 687 3949 fuerit
730 3905 765 3950 a
812 3887 1018 3951 multis
1048 3888 1416 3967 cogitatum:
1452 3904 1563 3950 nec
1596 3886 1829 3949 mirum
1860 3887 2211 3962 propterea,
2248 3882 2411 3961 quod
2444 3881 2517 3944 ab

370 3988 721 4055 inventione
754 3994 905 4055 artis
942 3993 1383 4074 typographicae
1424 4007 1644 4072 parum
1687 3986 1979 4069 temporis
2023 3986 2329 4050 effluxerit
2367 3987 2517 4065 quin

488 4141 506 4174 ¹
531 4139 682 4191 Laut.
707 4139 966 4191 Hehusius
986 4141 1038 4190 in
1062 4142 1163 4190 vita
1185 4140 1437 4192 Ambrosii
1458 4138 1883 4203 camaldulensiS‚
1911 4151 2023 4203 pag.
2044 4135 2448 4200 cch,idemque
2464 4133 2514 4182 in

370 4219 468 4271 vita
491 4219 615 4285 Lapi
642 4221 707 4273 de
732 4220 1123 4284 castiglioncbio
1139 4258 1154 4283 ,
1186 4235 1301 4285 pag.
1329 4233 1398 4271 xi.
