3104 4805
549 344 664 404 :388
1229 358 1310 404 ns
1347 358 1545 406 nunus
1592 358 2032 408 FAMILIARIBUS

547 504 822 595 dirigui.
865 505 1126 575 Deinde
1172 504 1290 573 ubi
1333 505 1630 598 primum
1685 527 1931 597 sparsa
1984 505 2265 576 rationis
2318 529 2512 578 arma
2565 514 2707 581 col-

546 627 787 718 ligere,
841 639 911 697 et
976 636 1395 719 prostratum
1466 650 1547 698 ac
1612 628 1946 699 iacentem
2015 630 2322 699 animum
2392 634 2704 703 attollere

549 770 754 840 posse
794 747 997 840 coepi,
1051 749 1315 820 litteras
1367 749 1821 820 infelicissimi
1872 751 2195 835 rumoriS,
2250 776 2459 845 quem
2511 754 2704 847 prius

544 871 635 941 ab
674 869 963 961 egregio
1007 870 1157 942 viro
1197 872 1549 963 Paganino
1603 872 2132 957 Mediolanensi,
2187 875 2305 966 qui
2358 876 2537 945 hanc
2587 899 2706 944 ur·-

545 992 705 1063 hem
751 993 951 1083 regit,
996 992 1308 1062 dolenter
1348 1006 1674 1065 narrante
1717 1004 2013 1066 moestus
2056 995 2441 1079 audieram,
2487 1018 2704 1088 popo-

545 1115 673 1197 sci,
718 1124 788 1184 et
826 1124 1150 1185 ostensas
1192 1138 1329 1186 non
1376 1115 1524 1184 sine
1578 1115 1879 1185 lacrimis
1930 1115 2089 1206 legi.
2142 1117 2514 1187 Enimvero
2566 1115 2700 1185 illic

543 1236 962 1326 ambagibus
1004 1239 1334 1329 perplexa
1375 1237 1605 1307 omnia
1644 1246 1716 1306 et
1757 1238 1923 1307 nihil
1964 1239 2241 1331 penitus
2291 1249 2552 1309 certum
2603 1241 2699 1308 le-

544 1355 860 1448 gebatur.
909 1355 1018 1424 Ab
1063 1354 1467 1426 Urbeveteri
1519 1358 1704 1426 fama
1758 1367 2193 1441 surrexerat3
2230 1379 2397 1429 mox
2438 1360 2698 1450 perlata

545 1478 989 1561 Florentiam,
1043 1486 1113 1546 et
1179 1499 1303 1571 per
1351 1479 1815 1569 quorumdam
1885 1478 2368 1569 religiosorum
2436 1480 2698 1549 litteras

543 1598 984 1691 Apenninum
1022 1609 1490 1689 transgressa,
1536 1600 1915 1670 Bononiam
1957 1598 2211 1692 primo,
2251 1598 2408 1671 inde
2443 1601 2532 1671 ad
2575 1621 2698 1670 nos

545 1740 732 1813 saepe
780 1719 879 1813 (ut
923 1718 1021 1814 fit>
1069 1719 1445 1791 crescendo
1488 1741 1569 1789 ac
1619 1720 1955 1791 variando
2008 1731 2445 1811 pervenerat.
2500 1723 2574 1791 In
2629 1745 2702 1792 re

543 1841 752 1931 igitur
812 1841 1047 1926 dubia,
1117 1843 1279 1934 quia
1331 1850 1575 1912 natura
1629 1842 1758 1911 hoc
1810 1841 2047 1923 habet,
2102 1849 2179 1911 ut
2244 1843 2478 1916 audita
2544 1865 2703 1935 quae

542 1962 909 2055 displicent
947 1964 1073 2033 vix
1115 1964 1276 2033 totis
1321 1963 1723 2056 praecordiis
1767 1963 2243 2048 admittantur,
2271 1966 2493 2036 -malui
2528 1965 2693 2034 mihi

549 2085 820 2156 interim
865 2085 1166 2155 feliciora
1207 2085 1633 2179 promittere·
1680 2086 1790 2154 Sic
1840 2106 2030 2176 aegra
2082 2109 2275 2157 mens
2329 2086 2417 2156 ad
2469 2087 2705 2157 melio-

548 2209 642 2278 ris
699 2208 844 2299 spei
900 2205 1335 2277 dulcedinem
1391 2205 1825 2286 recurrebam
1876 2230 1959 2276 ea
2013 2219 2242 2279 tamen
2293 2207 2590 2279 evanida
2636 2219 2707 2277 et

545 2329 734 2397 velut
792 2325 1203 2396 somniantis
1270 2325 1507 2395 miseri
1573 2326 1866 2418 fugitiva
1930 2330 2217 2401 felicitas
2285 2339 2454 2400 erat.
2523 2327 2704 2414 Quid

543 2449 804 2518 multa?
846 2447 1183 2530 Quamvis
1227 2448 1512 2518 assidue
1561 2460 1989 2542 superventu
2040 2476 2378 2524 novorum
2431 2453 2704 2523 nuntio-

543 2590 693 2637 rum
764 2583 927 2660 spes
983 2569 1096 2638 illa
1160 2571 1631 2654 decresceret3
1701 2573 1870 2643 nihil
1939 2584 2170 2646 tamen
2236 2576 2429 2667 prius
2505 2577 2701 2666 plane

542 2702 971 2783 compertum
1018 2692 1222 2775 scivi,
1266 2716 1475 2785 quam
1520 2694 1608 2764 ad
1654 2718 1764 2764 me
1800 2695 2101 2765 Socratis
2138 2695 2354 2764 nostri
2392 2696 2705 2764 lacrima-

543 2811 717 2881 biles
770 2813 1017 2883 litterae
1067 2816 1536 2905 pervenirent.
1604 2819 1703 2886 Ita
1760 2815 2063 2908 (mirum)
2129 2813 2458 2883 tiberinas
2518 2837 2703 2887 aeru-

542 2957 744 3005 mnas
786 2957 879 3005 ex
922 2937 1055 3006 alio
1094 2936 1262 3009 orbe
1304 2937 1471 3006 mihi
1514 2936 1890 3006 Rhodanus
1934 2931 2290 3000 nuntiavit.
2350 2934 2487 3000 lllae
2528 2956 2698 3002 vero

541 3058 708 3127 mibi
751 3057 998 3130 litterae
1040 3059 1355 3149 ancipitis
1399 3057 1542 3146 spei
1588 3053 1930 3142 refugium
1974 3053 2504 3142 praecluserunt3
2557 3075 2697 3143 quo

541 3181 860 3252 effectum
902 3193 1011 3252 est
1051 3192 1126 3250 ut
1175 3179 1245 3248 id
1279 3177 1627 3246 modicum
1670 3174 2087 3257 intellectus,
2146 3175 2333 3244 unde
2384 3196 2701 3244 nonnun-

539 3326 749 3396 quam
792 3302 998 3372 animi
1043 3299 1379 3369 medelam
1425 3298 1590 3366 mihi
1632 3307 1843 3389 atque
1892 3296 2044 3367 aliis
2093 3295 2324 3381 elicui,
2378 3297 2583 3368 fletus
2632 3310 2703 3368 et
2780 3375 2799 3381 ,

541 3433 915 3515 questuum
983 3418 1255 3513 pondus
1321 3417 1764 3512 opprimeret.
1819 3419 1969 3490 Non
2020 3418 2201 3490 cessi
2256 3429 2512 3504 tamen,
2580 3442 2739 3490 nec*

541 3546 834 3616 cessavi.
899 3543 1235 3626 Quotiens
1301 3563 1681 3632 assurgere
1756 3542 1989 3625 nisuS‚
2063 3540 2368 3612 scribere
2448 3540 2705 3632 aliquid

542 3668 769 3738 volui!
812 3666 1148 3750 Quotiens
1184 3664 1449 3734 libellos
1487 3663 1748 3746 evolvi,
1790 3663 2176 3754 rubiginem
2213 3661 2472 3753 ingenii
2518 3662 2705 3732 tabe-

546 3788 803 3858 scentis
846 3786 1172 3868 abstersi,
1215 3795 1290 3855 et
1329 3787 1398 3854 in
1454 3785 1734 3855 intimas
1788 3783 2143 3854 memoriae
2192 3805 2372 3853 meae
2422 3785 2703 3854 cellulas

543 3918 842 3978 moestus
897 3917 1239 3978 scrutator
1280 3905 1552 3975 introii!
1601 3905 1915 3996 Denique
1967 3905 2197 3975 omnia
2250 3905 2423 3975 feci:
2480 3906 2705 3975 incas-

550 4048 704 4096 sum
743 4039 970 4098 tameu
1009 4035 1356 4098 venerunt
1383 4025 1472 4097 ad
1508 4048 1756 4097 manus
1794 4048 1986 4097 meas
2014 4026 2326 4119 epistolae
2358 4025 2700 4117 quaedam,

544 4166 749 4233 quas,
822 4148 1147 4218 visitante
1214 4170 1340 4219 nos
1409 4150 1668 4240 saepius
1735 4151 2033 4230 fortuna,
2106 4170 2226 4239 per
2292 4149 2418 4218 hos
2485 4167 2698 4216 annos
