3104 4805
557 385 635 447 42
1226 398 1307 445 DE
1349 396 1548 445 annus
1593 395 2034 444 mmmmmus

554 549 716 620 dam
758 544 1023 639 perdite
1056 554 1127 614 et
1162 542 1463 613 efflictim
1492 563 1768 613 amasse
1792 553 2198 624 memorant,
2235 540 2391 612 eius
2430 541 2705 615 blandi-

556 672 666 743 tiis
715 677 1140 752 enervatum,
1193 667 1504 757 neglecta
1550 666 1733 737 fama
1786 664 1923 759 (cui
1954 663 2328 757 plurimum
2364 666 2704 739 inservire

551 788 1033 886 consueverat)
1076 800 1146 862 et
1185 788 1599 883 posthabitis
1653 789 1847 881 regni
1887 790 2108 875 curiS,
2138 789 2432 862 aliarum
2469 814 2700 863 rerum

551 914 858 987 omnium
898 923 970 985 et
1007 922 1358 1007 postremo
1401 911 1512 984 sui
1544 912 1765 1004 ipsius
1799 911 2112 998 oblitum,
2151 913 2273 985 diu
2298 912 2485 986 nulla
2509 939 2706 1009 pror-

552 1061 675 1111 sus
717 1038 788 1109 in
830 1061 906 1109 re
944 1037 1083 1108 nisi
1121 1037 1192 1107 in
1226 1036 1407 1107 illius
1451 1036 1890 1129 amplexibus
1933 1038 2392 1130 acquievisse,
2434 1062 2706 1113 summa

548 1185 706 1234 cum
748 1160 1217 1252 indignatione
1258 1181 1546 1231 suorum
1588 1181 1670 1230 ac
1710 1159 1970 1231 dolore.
2024 1161 2324 1232 Tandem
2368 1185 2525 1233 cum
2566 1164 2701 1234 iam

551 1285 697 1379 spei
729 1283 897 1354 nihil
933 1293 1334 1375 superesset
1376 1281 1726 1376 (quoniam
1767 1306 1973 1355 aures
2011 1286 2242 1376 regias
2279 1286 2702 1357 salutaribus

550 1406 857 1479 consiliis
883 1406 1173 1478 insanus
1200 1428 1393 1478 amor
1417 1406 1921 1502 obstruxerat),
1959 1408 2277 1480 feminam
2304 1409 2525 1501 ipsam
2556 1432 2705 1481 ma-

549 1533 772 1603 lorum
812 1552 1097 1602 causam
1132 1531 1481 1624 insperata
1516 1552 1704 1602 mors
1741 1530 2053 1601 abstulit:
2088 1531 2287 1601 cuius
2321 1532 2418 1601 rei
2451 1507 2700 1623 ingens

548 1652 847 1745 primum
898 1652 968 1721 in
1012 1652 1224 1744 regia,
1271 1652 1395 1723 sed
1446 1654 1667 1724 latens
1710 1651 2041 1744 gaudium
2084 1654 2242 1735 fuit3
2286 1653 2538 1725 deinde
2576 1656 2703 1727 do-

506 1866 515 1875 .
549 1777 652 1847 lor
685 1785 948 1846 tantum
981 1775 1209 1869 priore
1244 1777 1546 1868 gravior,
1585 1784 1924 1869 quantum
1965 1776 2255 1847 foediore
2288 1777 2531 1848 morbo
2553 1801 2704 1850 cor—

549 1908 816 1992 reptum
853 1898 1042 1990 regis
1078 1900 1386 1969 animum
1421 1899 1785 1982 videbant3
1814 1899 2012 1970 cuius
2039 1921 2169 1970 nec
2197 1909 2418 1970 morte
2452 1901 2703 1972 lenitus

548 2023 774 2106 furor3
843 2022 969 2094 sed
1020 2022 1090 2093 in
1149 2022 1377 2115 ipsum
1427 2022 1834 2094 obscoenum
1884 2022 2187 2094 cadaver
2252 2032 2324 2093 et
2379 2045 2706 2116 exangue

465 2188 479 2205 ·
550 2146 923 2216 translatus
974 2152 1115 2225 est;
1155 2144 1344 2236 quod
1384 2143 1722 2229 balsamo,
1768 2158 1837 2216 et
1877 2145 2302 2218 aromatibus
2330 2145 2700 2231 conditum,

547 2277 872 2337 onustum
913 2264 1238 2356 gemmis,
1276 2273 1347 2334 et
1385 2267 1689 2335 velatum
1724 2288 2033 2358 purpura
2073 2268 2324 2339 diebus
2366 2291 2448 2340 ac
2487 2267 2704 2338 nocti—

549 2388 680 2459 bus
724 2398 862 2459 tam
902 2385 1276 2458 miserabili
1311 2411 1519 2480 quam
1562 2387 1813 2481 cupido
1855 2389 2135 2462 fovebat
2160 2395 2506 2485 amplexu.
2558 2392 2705 2464 Dici

546 2511 813 2602 nequit,
843 2531 1053 2601 quam
1087 2510 1376 2594 discorS,
1408 2521 1477 2582 et
1508 2534 1717 2603 quam
1752 2515 1933 2582 male
1960 2534 2038 2583 se
2067 2536 2516 2606 compassura
2542 2539 2706 2587 con-

546 2630 712 2701 ditio
745 2644 856 2701 est
888 2631 1181 2702 amantis
1234 2654 1315 2702 ac
1365 2633 1577 2723 regis.
1619 2633 1988 2723 Nunquam
2022 2636 2327 2726 profecto
2361 2640 2703 2709 contraria

547 2751 700 2824 sine
722 2751 839 2824 lite
864 2752 1268 2845 iunguntur.
1298 2753 1481 2835 Quid
1505 2765 1617 2825 est
1643 2765 1873 2825 autem
1900 2778 2215 2845 regnum,
2245 2757 2380 2825 nisi
2414 2757 2597 2827 iusta
2630 2771 2701 2829 et

546 2874 847 2968 gloriosa
870 2876 1289 2949 dominatio?
1317 2878 1586 2963 Contra,
1609 2876 1778 2970 quid
1805 2888 1915 2947 est
1940 2898 2150 2962 amor,
2182 2876 2316 2947 nisi
2339 2876 2523 2948 foeda
2551 2900 2701 2949 ser—

545 2998 734 3070 vitus
775 3011 846 3071 et
882 2999 1175 3072 iniusta?
1207 3002 1447 3094 Itaque
1481 3024 1639 3073 cum
1676 2998 1987 3071 certatim
2031 2999 2121 3070 ad
2155 3011 2525 3086 amantem,
2575 3023 2697 3073 seu

546 3121 817 3206 rectiuS,
842 3122 933 3193 ad
958 3134 1299 3195 amentem
1328 3145 1566 3216 regem
1595 3146 1718 3215 pro
1747 3123 2037 3194 summis
2065 3123 2258 3215 regni
2280 3123 2573 3215 negotiis
2599 3127 2698 3195 le-

544 3242 855 3334 gationes
892 3243 1196 3335 gentium
1230 3246 1676 3340 praefectique
1710 3258 1781 3318 et
1812 3245 2326 3338 provinciarum
2356 3246 2698 3339 praesides

544 3366 1017 3455 convenirent,
1043 3371 1103 3440 is
1129 3369 1201 3440 in
1224 3371 1474 3441 lectulo
1501 3393 1628 3442 suo
1653 3370 1885 3455 miser,
1905 3370 2244 3442 omnibus
2272 3370 2602 3456 exclusis,
2633 3382 2702 3442 et

543 3489 882 3564 obseratis
915 3491 1205 3578 foribus,
1234 3505 1460 3566 amato
1494 3496 1906 3587 corpusculo
1940 3494 2370 3581 cohaerebat,
2409 3496 2698 3567 amicam

545 3637 744 3687 suam
777 3615 1040 3703 crebro,
1070 3619 1264 3688 velut
1303 3617 1680 3712 spirantem
1715 3638 2371 3711 responsuramque,
2405 3619 2703 3709 compel-

544 3737 730 3808 lans:
771 3739 866 3809 illi
910 3762 1114 3811 curas
1154 3740 1571 3833 laboresque
1614 3762 1778 3812 suos
1820 3739 2179 3825 narrabat,
2225 3740 2318 3810 illi
2370 3739 2696 3812 blandum

543 3878 857 3929 murmur
889 3872 960 3930 et
997 3871 1331 3933 nocturna
1372 3861 1695 3955 suspiria,
1741 3860 1833 3931 illi
1876 3882 2155 3953 semper
2189 3862 2445 3933 amoris
2487 3860 2699 3932 comi-

547 3986 650 4045 tes
693 3977 1011 4050 lacrimas
1052 3982 1449 4063 instillabat3
1502 3981 1928 4053 horrendum
1983 3982 2287 4053 miseriae
2340 3985 2685 4062 solamen,

544 4095 672 4166 sed
711 4099 900 4188 quod
932 4123 1144 4172 unum
1200 4116 1428 4176 tamen
1488 4127 1582 4175 ex
1632 4105 1955 4176 omnibus
2007 4127 2163 4188 rex,
2232 4103 2532 4195 alioquin
2588 4105 2697 4196 (ut

544 4217 759 4312 aiunt)
808 4220 1385 4312 sapientissimuS‚
1442 4229 1792 4319 elegisset.
1837 4226 2123 4298 Addunt
2171 4225 2452 4308 fabulae,
2509 4226 2692 4316 quod
