3104 4805
562 367 679 430 268
1233 379 1314 428 1)ss
1358 380 1559 431 nanus
1602 382 2043 434 unanimous

561 526 788 598 amicti
833 527 1229 630 sacerdotes
1272 548 1470 599 sacra
1505 527 1837 599 altaribus
1872 528 2280 612 instaurant,
2319 540 2391 600 et
2423 552 2551 602 nos
2575 552 2719 604 cce-

562 650 703 720 lum
747 649 1054 720 nondum
1094 650 1347 720 intueri
1389 651 1568 734 ausi,
1607 651 1678 719 in
1720 651 1858 722 uda
1896 660 1966 722 et
1990 651 2174 722 nuda
2216 652 2475 723 circum
2523 657 2717 725 tellu-

558 795 635 843 re
670 773 1199 866 prosternimur.
1246 773 1590 844 Caeterum
1634 797 1792 845 cum
1846 775 1981 845 iam
2034 774 2222 846 haud
2272 775 2516 861 dubia,
2562 778 2717 851 licet

561 896 741 966 nocti
770 889 1140 983 simillima,
1179 897 1332 968 dies
1367 907 1584 981 esset,
1623 909 1694 969 et
1725 897 1951 969 omnis
1986 909 2267 991 repente
2302 901 2562 970 clamor
2592 901 2716 973 ho-

558 1018 817 1089 minum
856 1019 1211 1112 superiore
1237 1019 1429 1090 urbis
1456 1030 1653 1116 parte
1689 1020 2024 1103 siluisset,
2067 1020 2193 1092 sed
2218 1019 2306 1092 de
2336 1022 2575 1093 litorea
2605 1045 2714 1094 re-

560 1140 763 1232 gione
800 1141 1024 1234 magis
1059 1141 1424 1234 magisque
1473 1139 1977 1226 crebresceret,
2032 1163 2258 1234 neque
2307 1155 2713 1236 percontan-

558 1261 650 1332 do
688 1264 856 1356 quid
899 1264 996 1335 rei
1028 1274 1218 1334 esset
1257 1271 1645 1356 appareret,
1684 1264 2168 1358 desperatione
2214 1263 2314 1358 (ut
2345 1263 2444 1358 fit)
2483 1265 2551 1335 in
2586 1286 2713 1336 au-

559 1387 827 1459 daciam
870 1409 1106 1472 versa,
1148 1409 1368 1479 equos
1420 1386 1891 1471 ascendimus,
1935 1398 2006 1457 et
2045 1389 2135 1460 ad
2176 1398 2448 1481 portum
2488 1389 2709 1459 visuri

559 1510 1012 1602 moriturique
1075 1508 1588 1613 descendimus.
1641 1509 1748 1580 Dii
1809 1510 2003 1581 boni!
2070 1511 2347 1603 quando
2404 1535 2711 1605 unquam

559 1637 691 1706 tale
732 1634 995 1726 aliquid
1059 1632 1373 1705 auditum
1438 1635 1579 1704 est!
1653 1634 1997 1726 Decrepiti
2056 1644 2290 1705 nautae
2349 1658 2498 1706 rem
2563 1637 2713 1708 sine

555 1758 875 1848 exemplo
915 1765 1258 1827 asserunt.
1303 1757 1378 1826 In
1405 1755 1558 1849 ipso
1592 1766 1833 1848 portus
1875 1757 2106 1828 medio
2147 1757 2410 1829 foedum
2462 1782 2544 1830 ac
2593 1760 2716 1831 tri-

558 1888 663 1950 ste
715 1879 1177 1972 naufragium,
1237 1900 1519 1971 sparsos
1583 1901 1866 1972 aequore
1918 1880 2237 1965 miseroS,
2294 1891 2365 1951 et
2412 1881 2711 1953 vicinam

558 2015 811 2075 terram
854 2004 1174 2074 manibus
1217 2002 1559 2098 prendere
1609 2002 1972 2074 molientes
2024 2004 2210 2075 unda
2262 2005 2456 2077 saxis
2500 2007 2714 2099 impe-

555 2136 774 2217 gerat,
818 2137 890 2196 et
929 2148 1059 2196 ceu
1100 2125 1388 2196 totidem
1418 2137 1655 2197 tenera
1690 2147 1825 2198 ova
1859 2126 2248 2198 disiecerat.
2287 2128 2533 2200 Totum
2590 2130 2715 2199 eli-

556 2239 680 2335 sis,
743 2260 815 2321 et
879 2251 1106 2322 adhuc
1165 2249 1607 2342 palpantibus
1667 2254 1992 2322 refertum
2054 2252 2514 2325 cadaveribus
2552 2254 2710 2324 litus

553 2383 721 2445 erat.
760 2372 930 2444 Huic
969 2370 1364 2457 cerebrum,
1405 2372 1498 2443 illi
1534 2375 1918 2468 praecordia
1958 2375 2282 2448 fluebant.
2319 2378 2482 2448 Haec
2518 2352 2706 2461 inter,

556 2505 788 2567 tantus
829 2496 1139 2568 virorum
1182 2497 1543 2593 strepitus,
1603 2509 1932 2593 tantaque
1987 2501 2350 2571 mulierum
2391 2500 2707 2583 eiulati0,

554 2627 634 2688 ut
672 2618 882 2688 maris
918 2617 1213 2711 coelique
1251 2622 1592 2713 fragorem
1628 2622 2003 2693 vincerent.
2041 2619 2428 2693 Accedebat
2453 2623 2710 2694 aedium

553 2741 775 2825 ruina,
822 2763 1119 2834 quarum
1161 2745 1416 2817 multas
1458 2745 1769 2815 funditus
1810 2743 2174 2816 violentior
2209 2744 2464 2815 fluctus
2501 2766 2707 2816 ever-

554 2864 663 2935 tit:
707 2865 816 2935 cui
860 2867 1089 2937 nullus
1133 2868 1246 2939 die
1289 2868 1402 2939 illo
1436 2868 1664 2951 limcS,
1710 2868 1895 2936 nulla
1936 2866 2050 2934 vel
2090 2865 2416 2934 humanae
2455 2887 2706 2937 manus

550 2988 964 3073 reverentia,
1010 2994 1124 3061 vel
1168 3002 1465 3063 naturae:
1510 2998 1806 3060 statutos
1836 2986 2007 3057 fines
2037 2996 2107 3056 et
2132 2986 2331 3057 litora
2366 2998 2700 3057 consueta

552 3111 1098 3197 transcenderat;
1125 3123 1196 3186 et
1230 3123 1366 3184 tam
1403 3112 1620 3181 moles
1654 3111 1766 3178 illa
1802 3109 2050 3200 ingens
2080 3107 2308 3180 studio
2343 3106 2703 3180 bominum

550 3242 869 3326 aggesta,
924 3258 1085 3329 quae
1136 3236 1387 3305 obiectu
1428 3235 1724 3315 laterum,
1771 3240 1848 3301 ut
1887 3231 1984 3301 ait
2032 3231 2250 3315 Maro,
2294 3240 2563 3324 portum
2612 3237 2708 3325 cf-

544 3357 697 3448 ficit,
752 3380 962 3451 quam
1012 3357 1234 3429 omnis
1276 3354 1504 3425 vicina
1552 3355 1728 3424 mari
1779 3354 1974 3446 regio
2034 3353 2238 3425 undis
2297 3353 2573 3426 obruta:
2637 3369 2709 3429 et

547 3477 668 3550 ubi
701 3482 980 3575 planum
1018 3477 1217 3549 siccis
1243 3476 1538 3573 pedibus
1576 3475 1705 3547 iter
1730 3476 1969 3562 fuerat,
1999 3477 2392 3572 periculosa
2417 3477 2708 3570 naviga-

549 3603 643 3674 tio
667 3607 843 3676 sacta
876 3611 1044 3673 erat.
1072 3600 1252 3673 Mille
1285 3600 1436 3685 illic,
1464 3602 1580 3671 vel
1606 3621 1690 3670 eo
1716 3600 2031 3692 amplius,
2059 3599 2489 3694 Neapolitani
2512 3600 2709 3694 equi-

550 3733 656 3797 tes
694 3730 888 3799 velut
927 3725 1016 3796 ad
1055 3724 1394 3817 exequias
1430 3724 1675 3819 patriae
1715 3733 2206 3796 convenerant.
2261 3724 2352 3793 Et
2388 3745 2521 3815 ego
2563 3733 2708 3794 tur-

548 3845 660 3917 bae
703 3847 1060 3919 immixtus
1102 3846 1239 3918 iam
1281 3846 1558 3940 parcius
1604 3847 1846 3919 timere
1884 3868 2262 3940 coeperam,
2315 3855 2508 3918 tanta
2545 3869 2704 3918 cum

548 3962 695 4033 acie
736 3966 1103 4054 periturus.
1148 3966 1327 4034 Dum
1367 3985 1596 4035 novus
1640 3972 1921 4057 repente
1960 3965 2220 4034 clamor
2267 3965 2551 4047 tollitur3
2607 3965 2705 4035 lo-

547 4105 672 4154 cus
735 4083 883 4177 ipse
951 4088 1020 4156 in
1085 4109 1223 4181 quo
1289 4085 1648 4158 stabamus
1717 4084 1932 4157 fluctu
1996 4083 2236 4157 subter
2298 4093 2703 4179 penetrante

547 4205 900 4290 domituS,
972 4208 1237 4279 ruebat.
1320 4208 1722 4302 Eripuimus
1802 4230 1932 4280 nos
2005 4206 2074 4277 in
2148 4206 2508 4281 editiorem
2600 4208 2701 4276 lo-
