3104 4805
1290 365 1816 415 PROLEGonBNON.
2505 369 2608 418 cxl

512 506 619 578 ΕΡ.
693 503 750 561 8.
791 502 1051 559 Acamro
1080 501 1378 560 Οοιωικε
1402 518 1650 561 mmom.
1673 535 1746 547 —
1765 505 2046 578 Epistolae
2064 507 2457 580 principium.

837 592 982 664 Ary.
1014 592 1181 663 AEgre
1208 592 1316 647 fert
1339 592 1584 649 incusari
1624 610 1684 649 se
1724 594 1797 649 ob
1834 600 2021 667 partas
2061 596 2279 653 divitias
2317 596 2625 652 amicorum

952 680 1226 737 oblivione
1253 687 1482 755 captum
1509 683 1865 740 insolescere.

514 768 617 840 Ep.
694 768 748 823 9.
791 771 997 825 Amms
1024 783 1252 825 Tamus,
1277 800 1350 812 —
1375 771 1717 843 Tricipitem
1744 772 2068 844 epistolam.

838 857 983 928 Arq.
1016 857 1087 912 Se
1111 857 1224 912 illis
1250 857 1498 916 invidere
1525 859 1676 931 quod
1704 876 1818 915 una
1844 860 2046 917 vivant.

512 942 619 1014 Ep.
659 942 749 999 10.
794 944 1039 1000 Ionam
1065 945 1355 1003 Amrrmo.
1374 977 1444 990 —
1462 948 1623 1003 Pone
1649 966 1814 1020 spem
1830 949 2203 1021 proli-viaria.

840 1035 985 1115 312‘9·
1027 1034 1281 1107 Agrestis
1320 1037 1445 1093 vitae
1485 1040 1948 1111 tranquillitatem
1991 1045 2155 1096 nacto
2193 1039 2504 1112 gratulatur
2519 1080 2536 1110 ,
2571 1044 2628 1095 et

908 1140 1069 1180 suam
1094 1125 1315 1182 vivendi
1341 1127 1618 1200 placidam
1644 1130 1918 1185 rationem
1943 1128 2224 1186 describit.
2525 1145 2554 1164 s

516 1211 623 1284 Ep.
665 1211 757 1267 11.
798 1212 1110 1270 Srspnimo
1157 1213 1456 1273 Comum:
1480 1218 1829 1275 Pwosrro
1877 1218 1935 1273 S.
1976 1211 2357 1274 Annumj-
2375 1217 2628 1275 Litteras

915 1308 1046 1359 tuas
1070 1320 1324 1360 summa.

842 1392 988 1465 Arg.
1021 1393 1313 1450 Germanae
1357 1395 1613 1452 amicitiai
1658 1411 1858 1453 sensus
1894 1395 2124 1470 pandit,
2163 1401 2219 1453 et
2254 1395 2433 1452 malos
2464 1409 2630 1467 quos-

918 1482 1050 1539 dam
1074 1483 1331 1540 homines
1357 1484 1679 1541 insectatur.

515 1572 623 1645 Ep.
661 1572 754 1628 12.
793 1572 990 1629 Lamo
1019 1586 1147 1629 8110.
1175 1604 1233 1615 -
1255 1574 1391 1630 Iam
1418 1576 1643 1631 duabus
1668 1592 1743 1631 exc
1770 1575 2003 1632 litteris.

835 1663 982 1734 Ary.
1012 1662 1210 1734 Arguit
1236 1663 1387 1735 quod
1414 1670 1648 1722 moestus
1685 1670 1741 1720 et
1777 1664 2024 1721 solicitus
2050 1665 2152 1733 sit,
2181 1671 2239 1720 et
2263 1663 2446 1737 lepide
2475 1678 2623 1719 mor-

912 1757 1024 1807 tem
1049 1752 1340 1808 cuiusdam
1368 1753 1518 1808 senis
1544 1753 1974 1809 mediolanensis
1999 1756 2242 1809 enarrat.

516 1841 622 1914 Ep.
660 1841 750 1897 13.
791 1840 984 1896 LAELIO
1011 1853 1139 1895 8150.
1166 1869 1231 1883 -
1249 1840 1461 1895 Animi
1486 1841 1577 1897 tui
1599 1845 1837 1897 statum.

836 1930 981 2001 Arq.
1013 1928 1187 1985 Enixe
1227 1930 1486 1985 hortatur
1524 1936 1589 1986 ut
1628 1930 1915 1986 Socratem
1953 1930 2013 1985 in
2048 1935 2293 1986 veterem
2329 1928 2627 1986 amicitiam

908 2018 1167 2092 recipiat,
1210 2024 1266 2074 et
1304 2020 1457 2075 hunc
1491 2019 1653 2076 nullo
1690 2035 1943 2091 unquam
1984 2018 2149 2076 modo
2189 2017 2455 2074 adversus
2494 2032 2625 2073 eum

907 2109 1117 2182 aliquid
1147 2109 1518 2181 obloquutum
1546 2109 1720 2166 fuisse
1746 2108 2011 2165 defendit.

517 2199 623 2272 Ep.
663 2198 754 2254 14.
793 2198 986 2255 Lfflo
1015 2212 1143 2254 suo.
1170 2227 1231 2239 -
1258 2199 1529 2254 Crescens
1558 2197 1876 2270 occupatio.

841 2288 988 2359 Ary.
1020 2287 1346 2343 Gratulatur
1372 2287 1493 2343 eius
1521 2303 1652 2344 cum
1679 2287 1901 2343 Socrate
1929 2286 2360 2357 redintegratam
2399 2282 2628 2338 familia-

914 2376 1164 2432 ritatem:
1195 2376 1554 2450 asperitatem
1597 2375 1814 2448 hyemis
1855 2374 2243 2449 conqueritur:
2291 2373 2532 2448 denique
2565 2389 2627 2429 se

915 2463 986 2519 ab
1039 2463 1195 2519 omni
1243 2479 1479 2520 munere
1527 2465 1589 2519 in
1640 2464 1795 2521 curia
1849 2464 2107 2521 obeundo
2168 2479 2339 2536 quam
2388 2461 2627 2519 maxime

920 2551 1241 2608 abhorrere.

516 2642 622 2714 Ep.
663 2641 752 2696 15.
794 2641 1067 2697 Socnarl.
1091 2640 1540 2698 —Iamdudum
1564 2643 1652 2696 mi
1678 2642 1966 2700 Socrates.

844 2730 989 2803 Arq.
1021 2729 1182 2796 Quod
1210 2731 1259 2787 is
1283 2731 1343 2787 in
1370 2737 1615 2789 veterem
1641 2732 1796 2791 Laelii
1833 2733 2133 2790 amicitiam
2172 2728 2399 2788 redierit
2424 2727 2626 2802 gaudio

917 2822 1101 2892 gestit.

1374 2936 1589 2999 LlBER
1630 2937 1776 2999 xxl.

523 3094 631 3165 Ep.
708 3093 762 3149 1.
806 3094 1075 3152 Enussro
1097 3096 1476 3153 Aacnmmsc.
1510 3098 1826 3153 Pmusnsx.
1851 3123 1919 3138 —
1939 3095 2128 3151 Multa
2154 3091 2373 3148 animo.

842 3186 987 3259 Arq.
1018 3186 1256 3243 Litteras
1282 3203 1421 3259 quas
1447 3186 1747 3259 scripserat
1772 3201 1832 3241 se
1856 3183 2120 3258 prudenti
2147 3181 2375 3240 consilio
2410 3180 2630 3236 mittere
2679 3220 2684 3225 .

919 3277 1184 3331 noluisse.
1409 3266 1423 3285 '

516 3364 625 3436 Ep.
704 3363 757 3418 2.
799 3363 1046 3420 Iomnm
1074 3365 1362 3421 Emscopo
1393 3366 1774 3420 Omnrmnsl.
1801 3365 1972 3419 —Ni
1999 3366 2121 3419 luce
2146 3362 2384 3417 clarius.

844 3452 988 3524 Arq.
1024 3453 1111 3508 Ob
1138 3453 1257 3508 eius
1283 3451 1725 3508 benevolentiam
1753 3457 1808 3507 et
1835 3458 2120 3523 acceptum
2150 3450 2220 3505 ab
2247 3465 2312 3505 eo
2342 3447 2627 3519 Diploma‚

918 3558 1029 3613 quo
1076 3541 1274 3597 Comes
1311 3543 1454 3598 sacri
1488 3542 1678 3615 palatii
1713 3542 2104 3609 renunciatur,
2148 3554 2319 3611 quam
2362 3535 2631 3591 maximas

913 3630 1026 3700 agit
1055 3632 1277 3701 gratias.

515 3714 627 3786 Ep.
704 3712 760 3769 3.
801 3713 1028 3773 Cnscco
1056 3716 1487 3775 Foaouvmusn
1513 3748 1582 3760 —
1606 3717 1862 3773 cameri
1888 3715 2206 3788 cyr-epium.

846 3804 992 3877 Arq.
1022 3805 1261 3862 Excusat
1284 3823 1345 3863 se
1371 3807 1521 3880 quod
1561 3807 1787 3880 poetice
1828 3807 1949 3864 eius
1988 3806 2230 3878 epistolae
2269 3803 2480 3878 poetice
2516 3818 2629 3858 non

919 3896 1280 3968 respondeat,
1309 3897 1571 3969 quodque
1598 3898 1838 3971 expetito
1864 3897 2045 3969 impar
2064 3897 2136 3953 sit
2152 3895 2379 3952 ferendo
2397 3895 2620 3952 auxilio.

512 3982 632 4055 Ep.
710 3979 766 4036 4.
806 3981 1254 4043 ernonouaeo
1283 3987 1601 4043 Gsuusnsx.
1621 3987 1987 4044 —Amicum
2014 3986 2186 4058 facie.

849 4072 991 4144 Ary.
1038 4074 1245 4148 Longis
1289 4076 1611 4150 crebrisque
1655 4078 1902 4151 epistolis
1950 4076 2255 4134 scribendis
2300 4090 2360 4130 se
2403 4088 2631 4146 operam

925 4162 1057 4218 dare
1085 4180 1198 4221 non
1228 4182 1408 4236 posse.
