3104 4805
563 358 682 420 218
1229 369 1312 418 nn
1353 367 1554 416 annus
1596 367 2038 418 nummus

566 523 695 604 loS,
766 517 884 612 qui
946 526 1192 589 cuncta
1254 516 1639 602 fastidiunt,
1701 517 1833 588 nisi
1897 517 2152 611 quibus
2219 518 2518 610 pretium
2554 521 2712 592 fecit

564 640 1081 738 impossibilitas
1121 641 1613 735 consequendi.
1657 643 1780 712 His
1819 641 1954 714 tuis
1995 640 2332 727 moribus,
2377 641 2510 715 hac
2548 645 2714 716 faci-

565 765 751 836 litate
789 762 1023 847 animi,
1068 785 1228 834 cum
1268 763 1463 835 multi
1507 786 1725 858 saepe,
1774 773 1920 835 tum
1955 787 2086 856 ego
2125 787 2344 859 nuper
2393 763 2711 838 hortatus

564 908 721 958 sum
762 885 1096 978 singulari
1137 886 1435 979 quadam
1487 898 1560 960 et
1612 888 1764 960 sine
1812 889 2074 961 meritis
2123 892 2416 960 fortuna.
2468 888 2712 982 Neque

560 1005 697 1094 hic,
735 1020 811 1080 ut
840 1008 1018 1094 dixi,
1063 1008 1491 1081 substitisset
1532 1010 1727 1103 regia
1757 1009 2090 1102 dignatio,
2137 1011 2195 1081 si
2232 1019 2353 1081 aut
2384 1010 2711 1082 remotior

563 1141 903 1217 senectus,
931 1141 1052 1202 aut
1075 1133 1292 1204 Roma
1320 1132 1768 1227 propinquior
1790 1133 2059 1205 suisset.
2077 1135 2335 1204 Verum
2364 1110 2712 1204 hic‘maie-

563 1253 759 1324 statis
787 1264 925 1324 tuae
955 1253 1268 1339 nuntiuS,
1300 1253 1419 1346 qui
1439 1275 1565 1347 pro
1591 1263 1658 1326 te
1684 1254 2008 1326 omnibus
2036 1253 2365 1338 interfuit,
2397 1253 2563 1346 quid
2589 1275 2712 1324 no—

561 1374 688 1462 bis,
706 1379 820 1446 vel
845 1377 1112 1461 Romae,
1141 1378 1251 1448 vel
1279 1376 1437 1448 inde
1462 1376 1820 1468 digressis,
1852 1399 1975 1449 seu
2003 1376 2255 1469 gaudii,
2276 1399 2402 1448 seu
2430 1377 2712 1469 periculi

559 1498 902 1583 acciderit,
938 1498 1107 1570 viva
1137 1521 1311 1572 voce
1350 1500 1681 1572 narrabit.
1735 1502 1832 1572 De
1882 1501 2149 1593 reliquo
2200 1510 2430 1572 autem
2473 1498 2714 1572 novis-

561 1620 717 1691 simi
755 1622 961 1693 verbi,
993 1622 1114 1707 tui,
1164 1632 1239 1694 ut
1279 1622 1369 1694 ad
1409 1632 1476 1694 te
1517 1624 2025 1717 quamprimum
2071 1624 2381 1708 redeam,
2423 1622 2576 1694 sine
2607 1621 2712 1691 in-

561 1744 997 1817 termissione
1036 1746 1437 1832 meminero,
1487 1755 1701 1819 testor
1741 1749 1979 1832 Deum,
2017 1769 2154 1820 non
2194 1757 2332 1819 tam
2385 1748 2565 1818 aulae
2603 1766 2714 1815 re-

559 1866 697 1960 giae
725 1867 1090 1962 splendore
1115 1879 1378 1963 captus,
1408 1892 1619 1964 quam
1646 1869 1923 1963 ingenii.
1950 1868 2142 1941 Alias
2168 1869 2470 1962 quidem,
2500 1889 2710 1962 quam

560 2011 721 2083 quae
763 1992 1024 2085 sperari
1064 2014 1106 2064 a
1154 1993 1435 2086 regibus
1488 1996 1738 2081 solent,
1790 2017 1883 2065 ex
1936 2003 2002 2064 te
2051 1994 2334 2065 divitias
2388 2003 2704 2086 expecto.

556 2113 808 2188 Precor
846 2125 1077 2186 autem
1121 2126 1195 2187 ut
1226 2139 1445 2188 annos
1472 2117 1643 2189 vitae
1679 2129 1818 2189 tuae
1843 2127 2191 2214 proroget,
2229 2125 2301 2188 et
2333 2126 2399 2186 te
2432 2116 2714 2187 demum

557 2236 650 2307 ab
701 2238 832 2309 hoc
886 2238 1057 2308 solio
1111 2238 1377 2310 mortali
1428 2238 1518 2310 ad
1569 2248 1906 2313 aeternum
1974 2244 2340 2313 transferat
2388 2238 2472 2324 is,
2526 2237 2717 2333 apud

558 2382 764 2453 quem
806 2363 959 2432 sons
1000 2361 1168 2433 vitae
1206 2373 1337 2435 est.
1381 2363 1574 2435 Vale.

838 2504 1008 2575 Pisis,
1040 2504 1093 2559 11
1123 2505 1245 2561 Kal.
1279 2507 1466 2563 Maias.

1369 2950 1723 3017 EPISTOLA
1766 2951 1899 3016 VIII.

721 3163 1107 3217 rnmciscus
1150 3163 1483 3216 Parmam
1527 3162 1822 3213 BARBAro
1865 3159 2259 3210 sumum-:nsi
2302 3160 2353 3210 s.
2390 3161 2446 3212 Ρ.
2484 3162 2543 3211 n.

715 3353 787 3410 Se
810 3353 899 3408 vix
925 3354 1103 3410 Roma
1126 3368 1413 3425 egressum
1439 3352 1497 3408 in
1521 3352 1715 3424 capitis
1740 3350 2040 3407 discrimen
2072 3349 2374 3406 adductum
2402 3367 2543 3407 esse.

752 3579 988 3652 Idibus
1017 3570 1032 3601 ¹
1069 3578 1305 3674 aprilis
1331 3600 1512 3651 anno
1539 3576 1767 3650 fetatis
1802 3576 2011 3648 huius
2048 3577 2312 3649 ultimae
2349 3575 2710 3648 millesimo

560 3703 1043 3776 trecentesimo
1077 3700 1617 3796 quadragesimo
1650 3700 1888 3795 primo,
1920 3699 1989 3771 in
2015 3700 2345 3794 Capitolio
2377 3701 2705 3783 Roman0,

558 3849 812 3919 magna
844 3826 1077 3920 populi
1102 3826 1492 3920 frequentia
1526 3835 1597 3896 et
1629 3824 1888 3915 ingenti
1915 3800 2187 3915 gaudio,
2220 3832 2577 3917 peractum
2603 3832 2713 3895 est

561 3950 748 4042 quod
786 3951 1045 4023 nudius
1088 3949 1336 4021 tertius
1389 3950 1480 4021 de
1520 3971 1633 4019 me
1682 3970 1814 4019 rex
1854 3947 2039 4041 apud
2080 3947 2429 4044 Neapolim
2469 3947 2712 4019 decre-

720 4144 735 4177 ⁴
772 4146 915 4198 Haud
939 4149 1088 4198 dubie
1111 4148 1172 4197 v1
1197 4149 1314 4200 ldus
1339 4148 1449 4198 heic
1472 4148 1739 4212 legendum
1764 4159 1897 4206 esse,
1921 4146 1968 4194 in
1995 4128 2507 4196 animadversionibus
2533 4143 2707 4192 italicae

567 4231 749 4273 nostrae
777 4224 993 4275 versioni
1019 4227 1286 4286 adiunctis,
1315 4227 1784 4279 demonstravimus.
