3104 4805
527 359 644 421 300
1202 374 1282 420 DE
1323 373 1522 421 nanus
1565 374 2003 421 FAmmAmssus

526 542 676 613 per,
708 530 851 589 tum
879 519 1227 613 praecipue
1260 518 1329 588 in
1374 517 1504 589 hoc
1546 526 1751 602 statu,
1786 516 2075 596 brevem
2116 518 2318 590 decet
2341 541 2504 591 esse
2535 542 2682 592 ser-

526 664 830 727 monem,
900 639 1019 734 qui
1068 640 1137 709 in
1180 639 1456 712 divinas
1501 661 1711 711 aures
1747 642 2051 711 humano
2093 663 2214 712 ore
2256 643 2683 715 transfundi-

528 773 660 849 tur,
729 784 950 856 pauca
989 761 1109 832 tibi
1153 785 1340 835 nunc
1398 763 1628 835 animo
1693 762 1960 834 affusus
2014 772 2086 835 et
2136 765 2679 838 venerabundus

523 886 788 978 loquar.
817 886 1101 957 Lectum
1128 894 1324 983 tuum
1349 885 1719 957 obsessum
1749 886 2040 958 medicis
2072 887 2235 958 scio.
2265 887 2438 959 Hinc
2463 890 2682 983 prima

526 1007 695 1078 mihi
751 1007 1037 1080 timendi
1077 1029 1290 1080 causa
1341 1017 1481 1079 est:
1519 1007 1926 1081 discordant
1965 1009 2150 1080 enim
2193 1010 2281 1082 de
2321 1010 2675 1096 industria,

525 1131 692 1203 dum
741 1132 955 1225 pudet
994 1131 1155 1202 novi
1197 1130 1365 1201 nihil
1408 1131 1814 1203 afferentem
1870 1132 2155 1205 alterius
2208 1134 2506 1204 haesisse
2554 1154 2680 1204 ve—

529 1253 775 1348 stigiis.
810 1255 954 1326 Nec
992 1264 1104 1327 est
1136 1253 1451 1339 dubium,
1496 1266 1576 1325 ut
1601 1256 1958 1347 eleganter
1991 1256 2088 1328 ait
2118 1256 2406 1343 Plinius,
2436 1279 2678 1328 omnes

526 1380 699 1452 istos
726 1380 980 1449 famam
1004 1378 1314 1450 novitate
1355 1378 1586 1471 aliqua
1630 1389 2096 1473 aucupantes,
2141 1382 2406 1452 animas
2450 1381 2677 1453 statim

526 1512 802 1574 nostras
842 1501 1214 1593 negociari3
1258 1502 1425 1573 etin
1460 1500 1594 1572 hac
1637 1503 1784 1573 sola
1816 1503 2069 1574 artium
2100 1502 2405 1587 evenire,
2435 1511 2512 1573 ut
2536 1503 2682 1575 cui-

526 1646 824 1718 cumque
854 1645 931 1695 se
964 1623 1314 1696 medicum
1350 1622 1703 1716 profitenti
1752 1625 1982 1697 statim
2008 1626 2365 1710 credatur,
2409 1649 2564 1698 cum
2595 1626 2682 1696 sit

527 1749 907 1842 periculum
947 1748 1017 1817 in
1058 1749 1245 1819 nullo
1305 1748 1665 1820 mendacio
1710 1750 1955 1821 maius.
2026 1750 2174 1822 Non
2238 1761 2466 1821 tamen
2512 1750 2678 1822 illud

526 1870 904 1955 intuemur3
948 1871 1124 1943 adeo
1156 1872 1409 1944 blanda
1443 1880 1554 1943 est
1596 1871 1918 1965 sperandi
1962 1894 2088 1966 pro
2131 1893 2207 1943 se
2238 1872 2491 1965 cuique
2529 1871 2682 1943 dul-

527 1994 714 2066 cedo.
775 1995 974 2065 Nulla
1015 2005 1354 2088 praeterea
1391 1998 1505 2066 lex
1558 2014 1720 2087 quae
1762 1995 2002 2089 puniat
2042 1993 2386 2066 inscitiam
2425 1995 2682 2090 capita-

527 2119 693 2200 lem;
736 2118 998 2187 nullum
1040 2118 1438 2212 exemplum
1475 2117 1835 2200 vindictae3
1882 2117 2160 2190 discunt
2201 2118 2526 2212 periculis
2561 2140 2681 2190 no-

530 2240 723 2325 stris,
785 2248 856 2311 et
920 2241 1400 2335 experimenta
1465 2262 1591 2333 per
1657 2251 1919 2312 mortes
1972 2252 2217 2334 agunt;
2279 2241 2685 2334 medicoque

528 2373 823 2449 tantum,
872 2362 1215 2435 hominem
1259 2361 1632 2445 occidisse,
1671 2362 2045 2458 impunitas
2085 2386 2354 2435 summa
2383 2373 2512 2436 est.
2550 2366 2686 2437 Ho-

528 2510 679 2557 rum
692 2486 963 2557 turbam
980 2486 1172 2555 velut
1186 2486 1620 2556 inimicorum
1638 2487 1874 2570 aciem,
1895 2486 2681 2581 ClementissimePater,

527 2611 816 2705 intuere.
846 2609 1152 2678 Instruat
1177 2617 1243 2678 te
1271 2607 1454 2677 illius
1499 2607 1780 2679 infausti
1805 2608 2328 2700 epigrammatis
2357 2610 2688 2681 memoria

528 2730 806 2803 inscribi
831 2729 1129 2800 iubentis
1156 2730 1226 2798 in
1271 2729 1640 2822 sepulchro
1666 2729 1799 2800 hoc
1842 2731 2098 2799 solum:
2149 2730 2364 2800 Turba
2404 2729 2686 2800 medico-

526 2875 674 2920 rum
706 2854 899 2943 perii.
944 2852 1020 2920 In
1060 2860 1338 2922 aetatem
1399 2860 1708 2922 nostram
1769 2850 2128 2944 potissime
2180 2851 2458 2922 videtur
2517 2852 2685 2921 inci-

526 2973 720 3045 disse
758 2973 926 3046 illud
959 2974 1171 3045 Marci
1231 2972 1508 3046 Catonis
1548 2972 1737 3045 senis
1790 2972 2223 3044 vaticinium:
2265 2973 2681 3065 quandoque

529 3098 751 3170 Graeci
778 3097 865 3169 ad
891 3119 1019 3169 nos
1048 3098 1311 3169 litteras
1343 3117 1530 3182 suaS,
1563 3097 1954 3189 praesertim
1992 3096 2297 3168 medicos
2364 3094 2687 3166 transmi-

536 3219 818 3305 sissent,
862 3221 1094 3293 omnia
1132 3229 1603 3313 corrupturos.
1657 3217 1795 3290 Sed
1838 3219 2000 3311 quia
2041 3218 2176 3290 iam
2215 3219 2366 3291 sine
2398 3216 2687 3290 medicis

535 3345 775 3415 vivere
814 3365 951 3414 non
992 3343 1363 3424 audemuS,
1410 3341 1561 3412 sine
1593 3341 1850 3435 quibus
1893 3351 2124 3413 tamen
2151 3339 2690 3413 innumerabiles

536 3467 852 3540 nationes
886 3470 1059 3540 forte
1094 3467 1348 3537 melius
1383 3474 1593 3559 atque
1637 3465 1989 3537 salubrius
2043 3465 2311 3550 vivunt,
2365 3473 2438 3535 et
2475 3486 2694 3558 popu·
2805 3541 2809 3544 Α

536 3593 645 3663 lus
701 3594 1057 3666 Romanus
1108 3600 1313 3661 aetate
1364 3589 1886 3673 florentissima,
1925 3588 2171 3661 eodem
2236 3599 2412 3659 teste
2451 3586 2683 3671 Plinio,

537 3716 718 3784 ultra
760 3714 1350 3786 sexcentesimum
1385 3735 1643 3784 annum
1687 3712 1896 3794 vixit3
1941 3734 2153 3782 unum
2182 3710 2301 3781 tibi
2335 3710 2423 3782 de
2459 3710 2691 3781 multis

536 3838 738 3929 elige,
786 3860 925 3909 non
957 3837 1392 3929 eloquentias
1425 3837 1551 3907 sed
1607 3835 1890 3907 scientia
1929 3843 2000 3905 et
2039 3831 2175 3905 fide
2217 3834 2689 3929 conspicuum.

540 3959 682 4028 Iam
723 3960 906 4030 enim
933 3959 1382 4053 professionis
1412 3981 1563 4031 suae
1590 3959 2052 4041 immemores,
2082 3966 2153 4026 et
2192 3955 2498 4028 dumetis
2536 3976 2695 4047 pro-

541 4079 709 4172 priis
765 4081 961 4151 exire
995 4082 1191 4166 ausi,
1237 4093 1600 4175 poetarum
1641 4103 1912 4164 nemuS,
1973 4088 2043 4151 et
2098 4078 2454 4151 rhetorum
2507 4099 2693 4148 cam—

543 4220 705 4295 pum
772 4210 1032 4289 petunt,
1102 4213 1172 4273 et
1235 4204 1437 4294 quasi
1489 4227 1623 4275 non
1683 4203 2016 4284 curaturi,
2083 4201 2209 4273 sed
2264 4198 2686 4295 persuasuri,
