3104 4805
876 366 1061 415 Lmen
1101 365 1310 423 QUAM
1348 366 1839 417 s.-El³ls·r0LA
1880 369 1960 417 ιν.
2369 355 2478 418 211

343 531 499 580 cum
540 508 788 579 litteris
826 506 914 579 ad
953 531 1066 580 me
1104 510 1313 580 venit.
1357 511 1474 581 Ille
1515 533 1627 581 me
1669 511 2235 603 exquisitissimis
2279 514 2490 586 ratio-

343 630 550 702 nibus
591 641 669 701 ut
700 653 855 703 eam
892 632 1232 704 Parisium
1274 632 1611 704 hortatur.
1649 631 1822 716 Quis
1866 655 2192 726 unquam,
2237 657 2359 706 oro
2400 646 2484 723 te,

341 761 756 824 eventurum
796 755 928 825 tale
968 753 1229 847 aliquid
1269 755 1399 827 hos
1450 755 1627 826 inter
1679 758 1999 851 scopulos
2049 754 2492 829 divinasset?

343 878 432 947 Et
472 898 664 960 sane,
702 875 867 969 quia
914 898 1031 948 res
1071 899 1274 971 paene
1312 877 1731 949 incredibilis
1782 878 2084 962 videtur,
2129 887 2492 974 utramque

344 1000 705 1094 epistolam
748 999 983 1070 illaesis
1028 999 1247 1091 signis
1289 1001 1380 1072 ad
1419 1009 1488 1071 te
1528 1000 1708 1071 misi.
1761 1002 1925 1072 Haec
1972 1001 2065 1072 ad
2113 1001 2444 1073 orientem
2471 1059 2487 1088 ,

347 1124 500 1196 haec
550 1124 641 1195 ad
690 1121 1117 1195 occidentem
1167 1132 1391 1196 vocat.
1444 1122 1729 1195 Videbis
1779 1114 1990 1218 quam
2040 1122 2291 1195 validis
2335 1123 2494 1196 hinc

317 1257 550 1343 ⁴atque
590 1247 773 1318 illinc
813 1249 1239 1338 argumentis
1281 1269 1577 1340 premor.
1622 1247 1777 1319 Scio
1827 1247 2108 1340 quidem
2160 1247 2228 1317 in
2280 1246 2492 1321 rebus

345 1371 669 1472 humanis
710 1373 851 1441 fere
887 1369 1208 1442 omnihus
1243 1370 1411 1440 nihil
1450 1370 1649 1442 solidi
1685 1372 1939 1442 inesse.
1978 1372 2245 1463 Magna,
2274 1373 2346 1441 ni
2370 1374 2496 1443 sal-

344 1495 474 1579 lor,
547 1496 614 1564 in
680 1506 872 1588 parte
910 1516 1232 1566 curarum
1293 1503 1711 1587 actuumque
1769 1503 2162 1566 nostrorum
2227 1493 2496 1567 umbris

345 1617 709 1688 eludimur.
754 1617 1039 1703 Tamen,
1078 1627 1158 1688 ut
1192 1624 1305 1688 est
1339 1617 1612 1687 animus
1654 1616 1983 1688 iuvenum
2017 1617 2254 1708 gloriae
2286 1640 2498 1713 appe-

344 1739 599 1809 tentior
637 1762 843 1832 quam
883 1740 1201 1827 virtutis,
1256 1764 1382 1812 cur
1419 1761 1560 1810 non
1607 1761 1739 1830 ego
1794 1738 2141 1834 (quoniam
2193 1739 2378 1834 apud
2427 1749 2496 1812 te

346 1861 773 1933 familiariter
812 1862 1150 1955 gloriandi
1193 1873 1486 1956 praestas
1539 1860 1928 1954 audaciam)
1974 1871 2113 1932 lam
2154 1862 2289 1934 hoc
2329 1862 2496 1932 mihi

347 1984 726 2075 gloriosum
768 2007 947 2070 rear,
1010 2009 1221 2080 quam
1278 1985 1409 2057 sibi
1462 1985 1625 2056 olim
1673 1986 2197 2080 potent1ssimus
2246 1984 2499 2057 Africae

344 2130 590 2200 regum
632 2110 946 2205 SyphaX,
993 2111 1184 2204 quod
1231 2132 1365 2183 uno
1413 2110 1800 2203 eodemque
1853 2119 2156 2203 tempore
2204 2110 2496 2182 duarum

344 2240 485 2303 toto
513 2232 681 2302 orbe
710 2233 1173 2305 maximarum
1204 2233 1497 2317 urbium,
1527 2235 1768 2303 Romae
1802 2244 2012 2326 atque
2039 2233 2493 2325 Carthagini8‚

343 2354 410 2425 in
463 2355 831 2427 amicitiam
874 2359 1280 2428 vocaretur?
1317 2356 1657 2428 Nimirum
1709 2355 1779 2428 id
1830 2377 2046 2448 regno
2083 2356 2235 2430 eius
2286 2367 2498 2451 atque

342 2477 591 2571 opibus
636 2478 1092 2563 tribuebatur-3
1135 2481 1267 2552 hoc
1307 2480 1495 2551 mihi.
1534 2482 1777 2573 Itaque
1814 2479 2001 2550 illum
2031 2481 2206 2551 inter
2247 2503 2497 2552 aurum

341 2624 423 2674 ac
464 2625 777 2695 gemmas
822 2604 1120 2697 superbo
1172 2604 1344 2676 solio
1396 2603 1804 2690 subnixum,
1849 2614 1920 2675 et
1960 2604 2244 2676 armatis
2287 2605 2497 2698 stipa·
2576 2594 2581 2600 ⁵

342 2736 488 2797 tum
543 2725 954 2798 satellitibus
997 2727 1105 2797 sui
1159 2726 1503 2822 supplices
1547 2748 1893 2821 reperere;
1948 2749 2062 2798 me
2107 2727 2496 2819 solivagum

340 2871 545 2921 mane
586 2850 656 2919 in
699 2848 923 2934 silvis,
971 2871 1128 2921 sero
1168 2860 1398 2921 autem
1442 2850 1510 2919 in
1551 2850 1786 2944 pratis,
1835 2851 2099 2942 Sorgiae
2150 2850 2316 2944 ripis
2368 2849 2495 2922 ob-

343 2971 810 3045 ambulantem
844 2971 1260 3045 invenerunt
1291 2974 1459 3043 mei:
1495 2973 1663 3043 mihi
1698 2972 1919 3045 honor
1943 2973 2240 3058 offertur,
2270 2972 2496 3046 abillo

344 3095 676 3168 auxilium
708 3095 1153 3189 poscebatur.
1192 3097 1330 3169 Sed
1355 3096 1684 3190 quoniam
1711 3096 1944 3168 laetitia
1971 3096 2245 3168 inimica
2268 3096 2498 3169 consi-

343 3218 434 3289 lio
477 3228 609 3302 est,
649 3221 901 3304 fateor,
949 3228 1025 3291 ut
1069 3222 1267 3291 laetus
1311 3228 1600 3304 eventu,
1642 3218 1741 3290 sic
1774 3218 2031 3290 dubius
2067 3219 2278 3290 animi
2314 3240 2491 3290 sum.

347 3341 558 3434 Urget
605 3343 788 3413 enim
841 3344 1000 3415 hinc
1051 3342 1378 3414 novitatis
1426 3342 1676 3432 gratia,
1727 3342 1889 3413 hinc
1935 3340 2326 3413 reverentia
2371 3360 2496 3411 ve-

345 3466 656 3548 tustatis3
696 3465 857 3537 hinc
893 3465 1188 3549 amicuS‚
1222 3463 1381 3533 hinc
1418 3462 1659 3556 patria.
1691 3463 1913 3533 Unum
1942 3462 2033 3534 ab
2060 3465 2276 3533 altera
2302 3464 2496 3534 lance

344 3586 855 3682 praeponderat,
900 3587 1089 3680 quod
1141 3608 1269 3657 rex
1320 3585 1590 3656 Siculus
1643 3585 1711 3655 in
1764 3585 1957 3655 Italia
2007 3595 2142 3669 est,
2197 3606 2403 3676 quem
2454 3607 2495 3656 e

344 3709 610 3780 cunctis
653 3710 1079 3797 mortalibuS‚
1117 3708 1421 3803 aequiore
1457 3708 1705 3792 animo,
1739 3707 1990 3800 ingenii
2024 3706 2317 3779 iudicem
2356 3707 2495 3800 pati

343 3852 655 3924 possum.
695 3835 1029 3905 Curarum
1072 3855 1383 3904 mearum
1426 3830 1679 3903 fluctus
1721 3830 1945 3903 vides.
1991 3832 2121 3914 Tu,
2160 3852 2367 3925 quem
2402 3829 2494 3903 ad

343 3975 584 4026 earum
628 3956 1097 4047 gubernacula
1136 3977 1384 4027 manus
1426 3954 1783 4050 porrigere
1833 3976 1969 4025 non
2023 3953 2294 4048 puduit,
2361 3952 2491 4024 flu-

343 4085 694 4150 ctuantem
735 4080 1041 4150 animum
1074 4080 1359 4152 consilio
1403 4090 1521 4150 tuo
1562 4099 1792 4171 reges.
1836 4079 2026 4149 Vale.

625 4222 711 4276 Ad
738 4222 947 4277 fontem
976 4222 1181 4294 Sorgiae
1203 4265 1216 4290 ,
1250 4223 1370 4277 Kal.
1401 4223 1708 4295 Septembr.
1742 4223 1809 4278 ad
1838 4240 2141 4296 vesperam.
