3104 4805
923 456 1106 504 nnffln
1150 455 1865 513 Qum‘rus—smsrom
1907 457 2031 505 v111.
2431 443 2549 504 279

396 620 672 693 semper
711 601 971 683 varioS,
1017 597 1395 671 uniformes
1462 620 1817 691 nunquam
1878 595 2145 668 videas.
2206 599 2405 670 Illum
2474 607 2550 672 tu

396 722 603 796 modo
628 723 889 796 deliciis
914 723 1165 795 acriter
1205 719 1550 794 infensum
1596 719 1864 792 scribis.
1910 720 2160 802 Cred03
2197 722 2386 813 quin,
2426 723 2550 792 ali-

396 856 502 917 ter
521 868 681 917 esse
716 868 855 916 non
887 867 1126 942 posse,
1171 853 1362 917 certe
1402 844 1567 916 scio.
1605 843 1776 928 Quis
1811 841 1998 914 enim
2035 851 2171 913 tam
2207 842 2551 918 obstinate

397 968 606 1040 miser
638 978 776 1053 est,
814 979 892 1041 ut
922 990 1062 1040 non
1096 967 1441 1040 interdum
1477 968 1714 1038 oculos
1760 965 2056 1061 aperiat,
2093 964 2551 1058 miseriasque

398 1114 587 1177 suaS,
631 1091 801 1164 dum
843 1091 1058 1177 videt,
1104 1090 1375 1165 oderit?
1408 1089 1548 1162 Sed
1583 1097 1812 1161 tecum
1854 1089 1926 1159 in
1966 1111 2051 1161 eo
2090 1088 2281 1182 quod
2322 1089 2554 1181 sequi-

400 1226 510 1286 tur
535 1237 673 1288 non
702 1216 943 1288 sentio.
990 1216 1091 1287 Tu
1115 1215 1300 1288 enim
1329 1234 1525 1310 spem
1551 1212 1879 1307 optimam
1906 1213 2068 1285 hinc
2094 1212 2315 1296 eliciS‚
2345 1232 2555 1307 posse

396 1361 558 1410 eum
597 1360 639 1409 a
678 1339 974 1410 vinculis
1017 1338 1302 1411 resilire.
1345 1338 1524 1429 Ego,
1571 1345 1650 1407 ut
1696 1347 1807 1408 est
1872 1347 2048 1409 aetas
2089 1334 2393 1408 hominis
2451 1345 2557 1407 at·-

398 1483 536 1555 que
574 1462 878 1547 animuS,
921 1461 1055 1533 nisi
1096 1459 1650 1554 praesentissimo
1676 1460 1802 1532 Dei
1840 1461 2133 1547 auxilio,
2164 1460 2556 1531 intricatum

398 1582 484 1653 iri
522 1583 746 1674 magis
788 1583 1154 1676 magisque
1192 1584 1382 1654 illum
1425 1604 1604 1654 reor.
1633 1583 2030 1676 Illaqueatae
2062 1582 2365 1654 volucris
2404 1603 2556 1653 mos

400 1713 532 1789 est,
576 1715 652 1776 ut
690 1705 1113 1798 exagitando
1154 1727 1314 1778 sese
1352 1704 1614 1777 arctius
1647 1704 1972 1798 implicet.
2027 1704 2275 1776 Melius
2319 1725 2559 1798 spera-

400 1851 573 1912 rem,
618 1827 856 1900 si·non
882 1827 1041 1900 odio
1066 1849 1375 1901 amorem
1408 1850 1490 1901 ac
1525 1827 1771 1920 litigio,
1811 1826 1936 1900 sed
1967 1825 2318 1899 oblivione
2349 1849 2431 1899 ac
2466 1827 2561 1898 si-

401 1950 635 2033 lentiO,
666 1947 913 2021 finiret.
942 1949 1117 2022 Illud
1160 1972 1353 2022 sanae
1395 1951 1679 2035 mentis,
1723 1950 1858 2021 hoc
1898 1949 2049 2020 laesi
2090 1950 2345 2020 amoris
2388 1947 2562 2020 inte-

401 2073 623 2163 gratio
688 2082 819 2144 est.
889 2074 1123 2144 Timeo
1163 2071 1331 2144 illud
1380 2072 1678 2144 Terentii
1725 2074 1796 2142 in
1838 2070 2124 2142 Andria:
2180 2069 2563 2141 Amantium

402 2195 522 2264 irae
559 2197 805 2265 amoris
837 2194 1302 2285 redinceqratio
1336 2207 1447 2266 est.
1488 2197 1723 2268 Timeo
1766 2195 1936 2268 illud
1977 2197 2255 2268 Senecae
2294 2195 2386 2267 ad
2424 2195 2562 2265 Lu-

404 2316 676 2389 cilium:
718 2317 910 2388 Nihil
938 2320 1202 2410 facilius
1240 2317 1633 2390 recrudescit
1664 2342 1864 2410 quam
1894 2339 2099 2390 amor.
2138 2319 2375 2390 Timeo
2407 2298 2588 2390 Vir-¹

404 2441 733 2533 gilianum
776 2442 971 2515 illud:
1015 2442 1316 2537 Improbe
1354 2466 1569 2527 amor,
1606 2440 1763 2533 quid
1788 2465 1923 2512 non
1949 2444 2257 2512 mortalia
2293 2454 2565 2536 pectora

403 2564 618 2655 coqis?
652 2562 885 2635 Timeo
927 2563 1267 2657 quidquid
1300 2573 1546 2657 quarto
1590 2563 1703 2636 die
1752 2562 1991 2635 Cicero
2043 2564 2132 2636 de
2186 2564 2315 2635 hac
2365 2585 2439 2635 re
2487 2564 2559 2636 in

416 2685 780 2758 Tusculano
820 2708 949 2758 suo
969 2686 1298 2781 disputat.
1329 2685 1438 2761 Ad
1461 2697 1893 2782 postremum
1920 2686 2130 2757 timeo
2155 2696 2560 2760 cunctorum

361 2822 366 2830 ’
402 2809 534 2881 hac
571 2810 641 2881 in
680 2819 874 2905 parte
928 2810 1373 2884 concordium
1420 2810 1994 2906 philosophorum
2059 2819 2560 2903 poetarumque

403 2933 801 3005 sententias.
843 2933 1102 3005 Verum
1132 2954 1345 3027 super
1379 2931 1611 3004 omnia
1643 2933 1968 3040 lenonum
2005 2952 2087 3002 ac
2120 2931 2560 3003 meretricum

399 3058 698 3129 nefarias
737 3066 950 3143 artes,
994 3064 1067 3128 et
1104 3055 1579 3129 inenodabiles
1615 3056 1904 3148 laqueos
1939 3075 2264 3147 pavesco.
2301 3057 2563 3127 Horreo

404 3178 710 3250 sirenum
751 3178 1155 3264 blanditias,
1211 3187 1284 3250 et
1329 3178 1606 3250 viscum
1648 3177 2119 3250 tenacissimae
2159 3177 2560 3270 voluptatis.

405 3299 908 3391 Importuosam
934 3301 1115 3371 hanc
1138 3301 1373 3393 ipsam,
1391 3298 1664 3385 horreo,
1693 3323 1904 3392 quam
1940 3300 2000 3371 is
2026 3320 2213 3369 nunc
2245 3299 2559 3390 navigat,

409 3420 834 3517 Charybdim
861 3424 1235 3493 multorum
1259 3423 1648 3513 naufragiis
1679 3424 2023 3496 infamem.
2053 3421 2368 3513 Denique
2391 3421 2562 3491 nihil

407 3554 520 3615 est
565 3543 781 3637 quod,
836 3542 1045 3614 rebus
1096 3544 1197 3614 sic
1235 3542 1594 3629 euntibus,
1639 3567 1777 3616 non
1816 3545 2119 3616 timeam.
2161 3544 2336 3614 Nam
2376 3543 2568 3637 quod

411 3668 523 3737 ille
560 3687 746 3736 nunc
786 3668 902 3738 vel
941 3663 1266 3737 atrociter
1305 3664 1639 3751 minatur,
1683 3669 1798 3738 vel
1837 3668 2056 3738 iratus
2098 3687 2336 3739 secum
2378 3668 2566 3759 cogi-

412 3799 538 3861 tat:
581 3787 813 3879 Eyone
851 3791 1064 3872 illam,
1107 3811 1253 3880 quae
1290 3789 1511 3872 illum,
1554 3811 1698 3880 quae
1722 3811 1854 3875 me,
1896 3812 2043 3884 quoe
2082 3812 2243 3875 non,
2285 3799 2357 3862 et
2405 3809 2564 3884 quae

412 3920 800 4005 sequuntur
838 3912 909 3984 in
943 3913 1121 3985 hanc
1162 3911 1574 3986 sententiam
1627 3913 1899 3998 similia3
1956 3914 2108 3986 haec
2145 3912 2379 3986 omnia
2424 3935 2563 3985 una

410 4035 759 4107 mehercle
809 4037 985 4109 falsa
1027 4037 1382 4110 lacrimula
1421 4035 1522 4131 (ut
1557 4037 1921 4109 Terentius
1956 4035 2141 4109 idem
2176 4036 2314 4131 ait),
2352 4058 2558 4130 quam

406 4160 647 4232 oculos
686 4160 973 4233 terendo
1016 4160 1271 4231 misere
1311 4157 1436 4231 vix
1488 4159 1561 4231 vi
1609 4160 2074 4256 expresserit,
2128 4160 2557 4253 restinguet,

407 4293 479 4354 et
518 4305 595 4357 se
636 4287 820 4357 ultro
863 4284 1244 4370 accusabit,
1289 4292 1360 4354 et
1398 4282 1596 4356 dabit
1627 4284 1692 4355 ei
1730 4287 1910 4359 ultro
1946 4284 2375 4381 supplicium.
2416 4282 2564 4355 Ma-
