3104 4805
513 381 628 442 136

1178 537 1555 603 FRANCISCI
1594 539 2005 604 PETRARCAE

802 777 944 857 DE
1049 776 1419 857 REBUS
1529 774 2388 856 FAMILIARIBUS

1179 999 1486 1072 LIBER
1557 998 2014 1070 TERTIUS.

1373 1487 1725 1554 EPISTOLA
1764 1489 1805 1552 Ι.

705 1707 1088 1760 FRANCISCUS
1128 1705 1464 1756 PETRARCA
1506 1705 1741 1752 THOMAE
1783 1705 2175 1756 MESSANENSI
2218 1708 2268 1756 S.
2315 1708 2370 1756 P.
2418 1709 2475 1757 D.

1058 1888 1138 1957 D'e
1165 1901 1274 1957 situ
1300 1900 1495 1955 insulae
1523 1899 1757 1966 Tlmles,
1787 1914 1885 1952 seu
1915 1898 2134 1969 Thyles.

712 2137 1217 2211 Perambulanti
1298 2147 1621 2208 veterum
1669 2136 1995 2222 confinia,
2051 2157 2341 2210 accessu
2391 2136 2671 2231 quidem

520 2283 798 2356 aspera,
854 2259 980 2331 sed
1019 2279 1296 2330 amoena
1335 2258 1502 2329 dum
1544 2261 1972 2350 perveneris,
2018 2261 2263 2333 creber
2305 2263 2671 2356 scrupulus

520 2383 777 2478 ingenii
816 2381 994 2475 pede
1034 2379 1405 2453 calcandus
1447 2389 1576 2452 est.
1615 2382 1760 2453 Hoc
1800 2404 1985 2467 sane,
2030 2406 2239 2476 quem
2275 2394 2349 2457 tu
2384 2385 2504 2457 tibi
2548 2408 2674 2456 nu-

519 2527 646 2599 per
684 2506 1009 2574 iniectum
1062 2503 1340 2588 scribis,
1397 2526 1529 2595 ego
1580 2505 1987 2596 iampridem
2026 2528 2334 2600 premor,
2385 2530 2676 2601 quaero-

519 2647 656 2718 que
682 2624 913 2696 itidem
942 2646 1245 2717 quanam
1274 2626 1512 2698 mundi
1536 2637 1732 2721 parte
1760 2627 1977 2700 Thule
2006 2629 2095 2699 sit
2125 2629 2383 2701 insula:
2410 2654 2672 2723 quaero,

524 2747 650 2819 sed
711 2747 811 2843 (ut
875 2770 1123 2819 verum
1188 2747 1430 2841 fatear)
1483 2770 1613 2819 nec
1664 2758 1853 2820 certo
1902 2750 2153 2834 indice,
2209 2775 2338 2821 nec
2388 2750 2475 2822 ad
2528 2773 2675 2821 rem

522 2871 941 2958 ducentibus
966 2871 1405 2957 coniecturiS,
1436 2880 1558 2942 aut
1590 2870 1839 2963 ipsam,
1877 2881 1998 2940 aut
2031 2871 2242 2940 ullam
2277 2869 2677 2941 inveniendi

523 3016 720 3088 spem
761 2996 1060 3067 invenio.
1103 2997 1192 3067 Et
1230 2994 1385 3066 haec
1424 2993 1579 3079 tibi,
1631 2992 1910 3086 quidem
1950 3015 2046 3064 ex
2084 2993 2257 3085 ipsis
2306 2992 2675 3063 Britannici

523 3119 776 3191 Oceani
816 3119 1163 3204 litoribus,
1207 3117 1657 3212 propinquior
1710 3114 1811 3209 (ut
1859 3116 2041 3186 sama
2089 3116 2224 3210 est)
2278 3114 2410 3210 ipsi
2461 3135 2674 3206 quam

522 3242 958 3334 vestigamus
997 3243 1273 3327 insulae,
1329 3239 1589 3312 scribo:
1631 3242 1936 3332 profecto
1975 3239 2188 3322 unde,
2231 3241 2348 3310 vel
2396 3239 2681 3330 antiquo

525 3365 903 3436 litterarum
971 3364 1229 3450 studio,
1283 3366 1400 3435 vel
1449 3385 1637 3435 nova
1686 3385 1768 3434 ac
1819 3362 2081 3434 solicita
2130 3364 2438 3433 locorum
2490 3361 2685 3431 inda-

527 3492 722 3582 gine,
745 3489 1003 3563 oertius
1029 3488 1288 3581 aliquid
1331 3487 1639 3559 scribere
1673 3508 1883 3580 posse
1917 3486 2321 3558 debueram.
2361 3486 2684 3557 Ultimam

527 3612 779 3707 quippe
820 3624 1161 3685 terrarum
1187 3633 1366 3696 esse,
1396 3632 1533 3681 non
1576 3610 1983 3701 ambigitur3
2025 3610 2159 3681 hoc
2196 3609 2531 3701 Virgilius
2571 3631 2688 3679 ca-

526 3736 654 3820 nit,
700 3738 834 3809 hoc
873 3737 1157 3821 Seneca,
1202 3734 1362 3820 hoc,
1409 3744 1694 3806 secutus
1745 3742 2145 3826 utrumque,
2198 3734 2514 3817 Boetiu5‚
2554 3732 2686 3804 hoc

529 3856 751 3927 omnis
816 3856 1116 3951 denique
1169 3859 1583 3953 scriptorum
1632 3857 1903 3929 cohors.
1959 3857 2135 3928 Illud
2185 3879 2463 3949 quoque
2514 3855 2685 3926 satis

531 3976 707 4046 inter
745 3981 1000 4050 multos
1050 3981 1396 4068 convenit,
1451 3981 1523 4050 in
1574 3981 1863 4053 occiduo
1915 3990 2138 4052 tractu
2191 3980 2420 4064 sitam,
2476 3997 2684 4069 quam

531 4097 936 4188 longissime
976 4102 1065 4172 ab
1105 4112 1262 4174 ortu
1304 4104 1469 4177 solis
1511 4115 1583 4174 et
1620 4127 1663 4176 a
1702 4102 1990 4175 meridie
2024 4103 2428 4174 recessisse.
2466 4100 2686 4170 Caete-

534 4242 689 4292 rum
737 4219 962 4307 nobis,
1008 4223 1079 4293 in
1118 4226 1472 4299 occidente
1520 4226 1794 4323 positiS,
1852 4225 2167 4301 stimulos
2218 4224 2483 4298 addidit
2534 4223 2686 4318 ipsa
