3104 4805
937 395 1120 443 mnan
1165 396 1941 446 &cunnus—ammom
1984 400 2022 446 1.
2441 384 2557 449 ‘79

404 547 525 627 ait,
580 544 696 611 hoc
737 562 970 633 corpus
1004 543 1432 634 ubicumque:
1474 544 1644 612 nihil
1682 566 1795 614 vos
1837 547 1975 616 eius
2010 566 2171 616 cura
2195 550 2554 618 conturbet.

406 668 1002 757 Interrogataque,
1059 665 1396 757 numquid
1438 686 1578 736 non
1626 670 1864 758 procul
1915 689 1956 737 a
2007 669 2227 760 patria
2266 680 2558 742 mortem

406 787 834 872 formidaret,
900 786 1065 858 vide
1138 788 1307 880 quid
1384 788 1787 882 respondit:
1854 790 2041 860 Nihil
2105 803 2242 875 εει,
2299 794 2556 886 inquit,

408 913 595 998 lonqe
637 910 793 992 Deo,
847 931 1056 999 neque
1108 909 1470 981 timendum
1521 924 1615 981 εει
1666 934 1748 980 ηε
1798 914 1912 981 ille
1953 935 2087 982 non
2129 926 2441 1002 aquoscat
2491 918 2564 985 in

404 1032 533 1123 fine
571 1031 826 1114 saeculi,
878 1028 1053 1099 unde
1103 1017 1204 1100 ηὶε
1252 1032 1609 1101 resuscitet.
1664 1033 1828 1102 Haec
1878 1033 2126 1103 mulier
2177 1032 2288 1104 illa
2328 1036 2567 1104 catho—

408 1154 556 1224 lica.
609 1154 782 1238 Nos,
811 1153 930 1244 qui
972 1162 1042 1223 et
1091 1152 1407 1224 catholici
1462 1175 1708 1223 sumus
1761 1162 1830 1222 et
1881 1154 2072 1225 viros
2123 1157 2559 1249 pollicemur,

411 1273 745 1366 numquid
795 1273 1204 1344 muliebrius
1257 1275 1641 1345 sentiemus
1668 1278 1702 1343 ἱ)
1765 1276 1902 1347 Sed
1955 1277 2098 1346 scio
2157 1278 2326 1369 quid
2376 1299 2568 1349 acer-

413 1396 582 1465 rime
631 1397 911 1486 lugeant
953 1396 1369 1487 superstites
1422 1396 1490 1464 in
1544 1395 1884 1467 mortibus
1927 1398 2336 1468 amicorum:
2379 1401 2567 1492 quod

412 1517 732 1588 videlicet
805 1539 1162 1609 nunquam
1235 1537 1359 1587 eos
1423 1517 1724 1588 revisuri
1797 1519 1977 1604 sint,
2055 1542 2233 1611 quos
2297 1542 2568 1591 summo

412 1659 648 1709 amore
687 1638 1105 1711 dilexerunt.
1147 1640 1583 1730 Paganorum
1628 1641 1717 1711 sit
1756 1641 1892 1711 ista
1925 1642 2316 1727 credulitaS‚
2346 1663 2569 1734 eaque

415 1781 553 1831 non
602 1756 939 1846 omnium,
993 1762 1121 1833 sed
1172 1782 1414 1832 eorum
1480 1772 1747 1833 tantum
1808 1764 1926 1855 qui
1992 1764 2259 1834 animas
2323 1774 2569 1855 putant

416 1903 572 1951 cum
613 1883 1015 1974 corporibus
1056 1883 1358 1955 interire.
1404 1884 1607 1955 Certe
1649 1886 1738 1955 M.
1778 1886 2068 1969 TulliuS,
2108 1908 2315 1977 quem
2357 1907 2572 1978 paga-

418 2027 584 2075 num
634 2004 879 2089 fuisse,
936 2004 1115 2076 sicut
1164 2006 1637 2091 notissimum,
1683 2007 1778 2077 ita
1819 2008 2190 2078 dolendum
2231 2017 2378 2092 est,
2423 2029 2571 2076 cre-

417 2125 593 2197 dens
642 2127 942 2197 animam
992 2126 1478 2212 immortalem,
1534 2140 1605 2199 et
1654 2128 1977 2220 gloriosis
2015 2128 2371 2222 spiritibus
2414 2140 2571 2221 post

416 2248 593 2319 hanc
662 2250 881 2319 vitam
954 2252 1238 2322 coeleste
1313 2250 1783 2322 habitaculum
1846 2260 2127 2345 patere,
2208 2273 2346 2321 non
2421 2250 2571 2320 haec

417 2371 848 2465 opinabatur.
900 2372 1268 2465 Nunquam
1321 2372 1504 2443 enim
1556 2375 1646 2445 M.
1704 2375 2035 2446 Catonem
2088 2373 2278 2445 illum
2333 2395 2571 2446 senem

425 2493 808 2579 induceret,
862 2495 932 2563 in
981 2516 1064 2566 eo
1114 2495 1289 2564 libro
1341 2495 1460 2588 qui
1513 2496 1913 2567 inscribitur
1969 2528 1998 2563 α
2041 2495 2202 2567 Cato
2250 2498 2495 2582 maior,
2535 2525 2565 2561 »

423 2625 855 2708 sperantem,
923 2627 991 2688 et
1049 2617 1286 2688 verbis
1346 2619 1602 2690 talibus
1668 2630 2023 2690 utentem:
2084 2620 2140 2688 Ο
2177 2624 2574 2712 proeclarum

418 2737 820 2829 diem,quum
843 2740 917 2809 in
941 2739 1106 2810 illud
1137 2739 1518 2811 divinorum
1541 2744 1918 2812 animorum
1944 2744 2293 2812 concilium
2308 2754 2575 2812 coetum-

418 2883 537 2951 que
569 2862 972 2956 proficiscar,
1007 2886 1330 2954 quumque
1365 2885 1456 2932 εω
1480 2865 1603 2933 hac
1644 2867 1834 2934 turba
1875 2876 1937 2934 ει
1975 2865 2343 2933 colluvione
2375 2862 2577 2932 disce-

419 2982 584 3054 dam.
630 2984 1018 3077 Proficiscar
1058 2988 1254 3067 enim,
1294 3008 1428 3055 non
1468 2983 1557 3054 ad
1615 3007 1719 3054 εοε
1759 2989 1968 3056 solum
2007 2986 2184 3054 viros
2226 2983 2304 3053 de
2344 2986 2575 3076 quibus

418 3118 570 3176 ante
607 3106 779 3192 dimi,
837 3105 950 3177 sed
989 3109 1188 3177 etiam
1230 3106 1316 3177 ad
1361 3106 1681 3178 Catonem
1741 3131 1956 3180 meum
1992 3167 2008 3193 ,
2060 3132 2184 3200 quo
2243 3131 2433 3176 nemo
2473 3110 2580 3178 vir

421 3231 648 3299 melior
697 3240 893 3300 natus
959 3241 1082 3312 εει,
1152 3252 1343 3299 nemo
1384 3231 1635 3322 pietate
1675 3233 2120 3324 prees-cantior.
2177 3232 2265 3302 Et
2331 3253 2579 3303 rursus

428 3351 670 3422 eodem
696 3353 845 3423 loco
884 3351 1197 3444 quidem,
1229 3353 1483 3445 inquit:
1509 3352 1769 3446 Efferor
1804 3354 2019 3426 studio
2049 3367 2272 3448 patres
2298 3367 2576 3436 υεεινοε,

421 3494 579 3561 quos
622 3474 797 3544 colui
833 3485 895 3543 ει
932 3473 1175 3558 ἀὶιεωί,
1213 3474 1483 3546 videndi
1504 3502 1523 3544 .·
1564 3499 1777 3569 neque
1822 3501 1927 3549 εοε
1971 3479 2180 3548 solum
2228 3475 2581 3544 convenire

421 3616 586 3664 aveo
618 3616 774 3685 quos
814 3597 951 3688 ipse
977 3597 1285 3686 εοςηουὶ,
1328 3596 1441 3667 sed
1479 3598 1626 3667 illos
1669 3599 1864 3666 etiam
1904 3596 1982 3665 de
2008 3597 2239 3684 quibus
2264 3592 2496 3663 audivi
2518 3606 2579 3661 ει

424 3716 553 3806 le9i
593 3728 655 3785 ει
710 3718 849 3810 ipse
903 3720 1279 3812 conscripsi.
1336 3721 1527 3802 Haec,
1576 3728 1646 3789 et
1701 3718 1812 3789 his
1873 3716 2152 3800 similia,
2197 3734 2359 3808 quae
2397 3717 2582 3807 apud

428 3834 820 3910 Ciceronem
864 3841 1036 3912 Cato
1081 3842 1419 3934 loquitur,
1479 3840 1650 3913 satis
1710 3839 1880 3933 quid
1937 3847 2230 3928 uterque
2270 3836 2583 3908 crederet

424 3964 789 4028 testantur.
858 3962 960 4031 llli
1027 3971 1257 4033 tamen
1323 3973 1703 4055 utcumque
1769 3958 2218 4042 crediderint,
2288 3979 2583 4050 quorum

423 4098 674 4170 magna
701 4103 794 4153 ex
816 4095 1019 4176 parte
1047 4104 1210 4176 spes
1239 4083 1483 4155 inanes
1509 4107 1592 4156 ac
1615 4086 1894 4155 fallaces
1919 4084 2189 4152 fuerant
2216 4105 2232 4162 3
2269 4080 2468 4152 nobis
2495 4081 2586 4150 ab

426 4201 544 4271 Illo
567 4203 687 4294 qui
713 4213 783 4276 et
809 4204 948 4275 salli
975 4205 1117 4276 non'
1142 4216 1398 4296 potest,
1436 4217 1503 4277 et
1531 4209 1767 4280 fallere
1793 4226 1931 4276 non
1957 4203 2179 4287 novit,
2213 4226 2373 4297 spes
2399 4211 2583 4273 certa
