3104 4805
1082 361 1388 411 EPISTULA
1431 362 1514 410 AD
1556 362 1895 412 POSTEROS.
2532 352 2569 409 5

400 506 549 577 vita
599 489 943 573 destituit:
999 489 1266 574 infelix!
1327 527 1541 595 quum
1596 505 1875 574 feliciter
1934 514 2092 575 ante
2140 506 2323 574 Petri
2376 528 2564 575 aram

400 626 577 696 mori
626 635 695 694 et
747 625 819 693 in
872 625 1078 695 domo
1129 625 1406 717 propria
1456 626 1818 716 potuisset.
1864 626 2025 696 Sive
2064 628 2245 696 enim
2291 647 2568 696 succes-

341 798 357 814 .
403 769 599 819 sores
638 748 791 816 eius
836 748 906 816 in
949 768 1077 817 sua
1131 749 1298 819 sede
1340 749 1779 832 mansissent,
1824 759 1894 818 et
1945 749 2091 841 ipse
2134 747 2293 819 boni
2334 749 2563 840 operis

401 879 644 942 auctor
682 878 862 950 erat3
906 869 1055 939 sive
1090 868 1440 953 abiissent,
1477 879 1548 940 et
1584 879 1772 939 tanto
1805 870 2028 962 ipsius
2062 872 2308 940 clarior
2339 872 2564 942 virtus

404 1002 665 1085 quanto
689 992 964 1062 illorum
998 993 1200 1083 culpa
1225 992 1675 1083 conspectior.
1708 993 1844 1063 Sed
1870 993 2022 1062 haec
2056 993 2324 1082 longior
2360 1002 2564 1084 atque

404 1114 711 1184 incidens
764 1123 873 1183 est
922 1101 1375 1204 querela.'1bi
1428 1114 1638 1204 igitur
1688 1115 2162 1184 ventosissimi
2203 1116 2426 1184 amnis
2478 1117 2566 1187 ad

406 1237 622 1328 ripam
675 1236 1039 1328 pueritiam
1082 1223 1230 1306 'sub
1277 1236 1712 1328 parentibus,
1759 1258 1839 1306 ac
1887 1235 2135 1307 deinde
2190 1235 2324 1305 sub
2369 1236 2567 1305 vani—

410 1357 662 1428 tatibus
706 1358 877 1427 meis
922 1357 1452 1428 adolescentiam
1479 1343 1483 1347 ’
1506 1366 1719 1428 totam
1769 1357 1909 1447 egi,
1955 1379 2093 1428 non
2145 1366 2373 1428 tamen
2415 1358 2564 1427 sine

406 1480 673 1570 magnis
729 1478 1304 1568 digressionibus
1358 1480 1672 1571 Namque
1724 1480 1854 1549 hec
1905 1489 2212 1572 tempore
2263 1481 2568 1571 Carpen—

405 1610 590 1671 toras
641 1602 890 1672 civitas
943 1623 1160 1692 parva
1208 1610 1280 1671 et
1326 1601 1420 1670 illi
1473 1602 1564 1672 ad
1614 1601 1942 1672 orientem
1998 1603 2343 1692 proxima,
2390 1624 2566 1695 qua-

403 1723 712 1793 driennio
753 1723 1021 1812 integro
1072 1745 1183 1791 me
1233 1721 1491 1806 habuit,
1537 1723 1745 1814 inque
1784 1723 1894 1791 his
1935 1723 2210 1794 duabus
2253 1725 2564 1815 aliquan-

405 1846 623 1913 tulum
671 1844 1169 1927 Grammaticae,
1225 1843 1613 1914 Dialecticae
1665 1865 1745 1912 ac
1795 1843 2182 1914 Rhetoricae
2225 1854 2559 1936 quantum

404 1976 582 2034 aetas
642 1966 860 2057 potuit
918 1966 1156 2048 didici,
1221 1976 1559 2058 quantum
1625 1965 1881 2035 scilicet
1938 1966 2008 2033 in
2070 1966 2325 2035 scholis
2389 1966 2560 2036 disci

404 2087 607 2169 solet,
663 2089 847 2177 quod
896 2089 1310 2179 quantulum
1364 2087 1476 2170 sit,
1531 2087 1890 2156 carissime
1930 2088 2166 2171 lector,
2211 2062 2557 2178 intelligis.

402 2207 566 2278 Inde
617 2208 707 2280 ad
756 2210 1056 2280 Montem
1106 2211 1565 2280 pessulanum
1616 2210 1847 2299 legum
1903 2209 1992 2279 ad
2046 2209 2352 2280 studium
2403 2230 2563 2299 pro-

400 2335 635 2415 fectuS‚
674 2332 1199 2425 quadriennium
1243 2333 1334 2402 ibi
1372 2335 1697 2415 alterum3
1736 2332 1895 2402 inde
1927 2332 2325 2417 Bononiam,
2365 2340 2436 2401 et
2468 2331 2561 2400 ihi

403 2454 766 2524 triennium
799 2455 1127 2547 expendi,
1165 2441 1235 2525 et
1276 2465 1493 2524 totum
1528 2456 1705 2526 Iuris
1742 2455 1978 2527 Civilis
2013 2475 2267 2546 corpus
2303 2452 2556 2535 audivi,

398 2577 677 2644 futurus
738 2578 965 2667 magni
1027 2575 1371 2668 profectus
1434 2577 1869 2660 adolescenS,
1933 2587 2011 2646 ut
2067 2576 2262 2645 multi
2322 2575 2559 2667 opina-

400 2695 682 2780 bantur,
740 2699 799 2767 si
848 2707 1074 2791 coepto
1124 2700 1558 2780 insisterem;
1611 2720 1743 2788 ego
1794 2719 1965 2768 vero
2018 2698 2328 2768 studium
2387 2698 2557 2769 illud

398 2842 600 2889 omne
649 2820 953 2890 destitui.
1009 2822 1204 2903 Mox,
1264 2831 1339 2890 ut
1389 2843 1498 2890 me
1549 2829 1912 2911 parentum
1979 2842 2146 2889 cura
2213 2819 2555 2904 destituit,

399 2965 536 3014 non
596 2944 759 3034 quia
827 2945 1058 3033 legum
1126 2943 1293 3013 mihi
1355 2964 1493 3011 non
1559 2945 1857 3033 placeret
1915 2942 2327 3023 auctoritaS‚
2397 2962 2558 3031 quae

398 3065 664 3158 absque
698 3065 913 3136 dubio
948 3087 1202 3156 magna
1233 3076 1357 3148 est,
1402 3075 1472 3134 et
1504 3065 1838 3135 Romanae
1876 3063 2303 3154 antiquitatis
2337 3064 2556 3153 plena,

399 3209 537 3277 qua
577 3186 905 3270 delector,
953 3188 1077 3257 sed
1119 3187 1281 3278 quia
1326 3208 1568 3257 earum
1622 3207 1796 3255 usus
1849 3185 2152 3275 nequitia
2203 3184 2555 3255 hominum

401 3307 849 3398 depravatur,
885 3308 1122 3399 itaque
1164 3307 1386 3398 piguit
1424 3307 1839 3398 perdiscere,
1879 3329 2017 3397 quo
2058 3307 2418 3377 inhoneste
2459 3306 2558 3374 uti

407 3430 647 3497 nollem
696 3441 766 3499 et
824 3430 1114 3499 honeste
1172 3429 1297 3498 vix
1357 3451 1667 3520 possem,
1729 3438 1799 3499 et
1851 3430 1909 3498 si
1960 3429 2232 3510 vellem,
2290 3427 2556 3516 puritas

404 3547 691 3618 inscitiae
752 3548 1117 3620 tribuenda
1172 3559 1380 3619 esset.
1444 3549 1681 3639 Itaque
1734 3546 2116 3616 secundum
2174 3553 2245 3613 et
2301 3542 2559 3630 vigesi-

402 3692 590 3739 mum
640 3694 895 3742 annum
946 3693 1161 3761 agens
1213 3671 1495 3741 domum
1559 3667 1764 3738 redii:
1827 3666 2108 3736 domum
2163 3683 2337 3733 voco
2389 3658 2557 3731 Avi-

402 3792 730 3862 nionense
770 3792 941 3862 illud
991 3794 1310 3876 exilium,
1356 3791 1474 3861 ubi
1529 3789 1620 3860 ab
1671 3787 1974 3857 infantiae
2017 3806 2193 3854 meae
2236 3782 2370 3853 fine
2410 3784 2556 3853 fue—

400 3933 572 3981 ram.
628 3914 846 3984 Habet
895 3915 1078 3984 enim
1139 3913 1570 3984 consuetudo
1623 3909 2010 4003 proximam
2069 3907 2210 3977 vim
2261 3914 2550 3976 naturae.

398 4033 497 4102 Ibi
536 4055 706 4124 ergo
748 4037 885 4105 iam
929 4035 1119 4105 nosci
1168 4056 1327 4124 ego,
1384 4045 1454 4103 et
1506 4029 1932 4102 familiaritas
1987 4048 2139 4098 mea
2193 4051 2233 4098 a
2285 4025 2553 4115 magnis

400 4157 567 4226 viris
603 4158 833 4248 expeti
871 4166 1205 4246 coeperat-z
1242 4178 1367 4225 cur
1401 4165 1650 4235 autem,
1685 4149 1948 4221 nescire
1982 4173 2164 4220 nunc
2197 4172 2307 4220 me
2339 4151 2555 4220 fateor
