<?xml version="1.0" encoding="UTF-8"?>
<!DOCTYPE html PUBLIC "-//W3C//DTD XHTML 1.0 Transitional//EN"
    "http://www.w3.org/TR/xhtml1/DTD/xhtml1-transitional.dtd">
<html xmlns="http://www.w3.org/1999/xhtml" xml:lang="en" lang="en">
 <head>
  <title>
</title>
<meta http-equiv="Content-Type" content="text/html;charset=utf-8" />
  <meta name='ocr-system' content='tesseract 3.04.00' />
  <meta name='ocr-capabilities' content='ocr_page ocr_carea ocr_par ocr_line ocrx_word'/>
</head>
<body>
  <div class='ocr_page' id='page_1' title='image "./epistolaederebu00unkngoog_0349.png"; bbox 0 0 3104 4805; ppageno 0'>
   <div class='ocr_carea' id='block_1_1' title="bbox 899 377 2513 439">
    <p class='ocr_par' dir='ltr' id='par_1_1' title="bbox 899 377 2513 439">
     <span class='ocr_line' id='line_1_1' title="bbox 899 377 2513 439; baseline 0.007 -12"><span class='ocrx_word' id='word_1_1' title='bbox 899 377 1084 428; x_wconf 67' lang='lat' dir='ltr'><strong>tumn</strong></span> <span class='ocrx_word' id='word_1_2' title='bbox 1126 379 1839 434; x_wconf 72' lang='lat' dir='ltr'><strong>TERTIUS.—EPISTOLA</strong></span> <span class='ocrx_word' id='word_1_3' title='bbox 1881 387 2007 436; x_wconf 68' lang='lat' dir='ltr'><strong>xm.</strong></span> <span class='ocrx_word' id='word_1_4' title='bbox 2408 377 2513 439; x_wconf 78' lang='lat'><strong>181</strong></span> 
     </span>
    </p>
   </div>
   <div class='ocr_carea' id='block_1_2' title="bbox 1181 650 1719 719">
    <p class='ocr_par' dir='ltr' id='par_1_2' title="bbox 1181 650 1719 719">
     <span class='ocr_line' id='line_1_2' title="bbox 1181 650 1719 719; baseline 0.009 -5"><span class='ocrx_word' id='word_1_5' title='bbox 1181 650 1539 717; x_wconf 82' lang='lat' dir='ltr'><strong>EPISTOLA</strong></span> <span class='ocrx_word' id='word_1_6' title='bbox 1584 654 1719 719; x_wconf 86' lang='lat' dir='ltr'>XIX.</span> 
     </span>
    </p>
   </div>
   <div class='ocr_carea' id='block_1_3' title="bbox 834 821 2057 915">
    <p class='ocr_par' dir='ltr' id='par_1_3' title="bbox 834 821 2057 915">
     <span class='ocr_line' id='line_1_3' title="bbox 834 821 2057 915; baseline 0.008 -10"><span class='ocrx_word' id='word_1_7' title='bbox 834 821 1220 907; x_wconf 70' lang='lat' dir='ltr'><strong>FRANdlscus</strong></span> <span class='ocrx_word' id='word_1_8' title='bbox 1254 858 1593 911; x_wconf 76' lang='lat' dir='ltr'><strong>PETRARGA</strong></span> <span class='ocrx_word' id='word_1_9' title='bbox 1627 862 1712 911; x_wconf 78' lang='lat' dir='ltr'><strong>An</strong></span> <span class='ocrx_word' id='word_1_10' title='bbox 1755 862 2057 915; x_wconf 69' lang='lat' dir='ltr'><strong>IGNormt.</strong></span> 
     </span>
    </p>
   </div>
   <div class='ocr_carea' id='block_1_4' title="bbox 1078 1049 1847 1134">
    <p class='ocr_par' dir='ltr' id='par_1_4' title="bbox 1078 1049 1847 1134">
     <span class='ocr_line' id='line_1_4' title="bbox 1078 1049 1847 1134; baseline 0.005 -30"><span class='ocrx_word' id='word_1_11' title='bbox 1078 1049 1245 1122; x_wconf 86' lang='lat' dir='ltr'>Spem</span> <span class='ocrx_word' id='word_1_12' title='bbox 1273 1066 1561 1123; x_wconf 85' lang='lat' dir='ltr'><strong>nunquam</strong></span> <span class='ocrx_word' id='word_1_13' title='bbox 1592 1051 1810 1125; x_wconf 84' lang='lat' dir='ltr'>deponi.</span> <span class='ocrx_word' id='word_1_14' title='bbox 1840 1127 1847 1134; x_wconf 21' lang='grc' dir='ltr'>ι</span> 
     </span>
    </p>
   </div>
   <div class='ocr_carea' id='block_1_5' title="bbox 564 1270 2635 1372">
    <p class='ocr_par' dir='ltr' id='par_1_5' title="bbox 564 1270 2635 1372">
     <span class='ocr_line' id='line_1_5' title="bbox 564 1270 2635 1372; baseline 0.005 -29"><span class='ocrx_word' id='word_1_15' title='bbox 564 1270 760 1346; x_wconf 90' lang='lat' dir='ltr'><strong>Adeo</strong></span> <span class='ocrx_word' id='word_1_16' title='bbox 799 1275 1120 1368; x_wconf 83' lang='lat' dir='ltr'>pertinax</span> <span class='ocrx_word' id='word_1_17' title='bbox 1153 1283 1225 1345; x_wconf 90' lang='lat' dir='ltr'><strong>et</strong></span> <span class='ocrx_word' id='word_1_18' title='bbox 1258 1274 1400 1347; x_wconf 85' lang='lat' dir='ltr'><strong>fixa</strong></span> <span class='ocrx_word' id='word_1_19' title='bbox 1429 1275 1819 1349; x_wconf 81' lang='lat' dir='ltr'><strong>mortalium</strong></span> <span class='ocrx_word' id='word_1_20' title='bbox 1850 1300 2013 1372; x_wconf 89' lang='lat' dir='ltr'><strong>spes</strong></span> <span class='ocrx_word' id='word_1_21' title='bbox 2038 1288 2150 1350; x_wconf 91' lang='lat' dir='ltr'><strong>est</strong></span> <span class='ocrx_word' id='word_1_22' title='bbox 2174 1279 2521 1352; x_wconf 87' lang='lat' dir='ltr'><strong>adversus</strong></span> <span class='ocrx_word' id='word_1_23' title='bbox 2625 1289 2635 1300; x_wconf 84' lang='lat'>&#39;</span> 
     </span>
    </p>
   </div>
   <div class='ocr_carea' id='block_1_6' title="bbox 370 1394 2527 2481">
    <p class='ocr_par' dir='ltr' id='par_1_6' title="bbox 370 1394 2527 2481">
     <span class='ocr_line' id='line_1_6' title="bbox 371 1394 2523 1496; baseline 0.005 -32"><span class='ocrx_word' id='word_1_24' title='bbox 371 1394 724 1467; x_wconf 88' lang='lat' dir='ltr'><strong>infeliciter</strong></span> <span class='ocrx_word' id='word_1_25' title='bbox 761 1408 1086 1492; x_wconf 86' lang='lat' dir='ltr'><strong>experta,</strong></span> <span class='ocrx_word' id='word_1_26' title='bbox 1124 1408 1203 1469; x_wconf 91' lang='lat' dir='ltr'><strong>ut</strong></span> <span class='ocrx_word' id='word_1_27' title='bbox 1234 1420 1463 1493; x_wconf 91' lang='lat' dir='ltr'><strong>neque</strong></span> <span class='ocrx_word' id='word_1_28' title='bbox 1497 1398 1824 1472; x_wconf 81' lang='lat' dir='ltr'><strong>sterilitas</strong></span> <span class='ocrx_word' id='word_1_29' title='bbox 1858 1400 2254 1494; x_wconf 79' lang='lat' dir='ltr'><strong>agricolam,</strong></span> <span class='ocrx_word' id='word_1_30' title='bbox 2294 1425 2523 1496; x_wconf 90' lang='lat' dir='ltr'><strong>neque</strong></span> 
     </span>
     <span class='ocr_line' id='line_1_7' title="bbox 373 1525 2517 1615; baseline 0.002 -24"><span class='ocrx_word' id='word_1_31' title='bbox 373 1527 746 1613; x_wconf 75' lang='lat' dir='ltr'><strong>tempestas</strong></span> <span class='ocrx_word' id='word_1_32' title='bbox 785 1530 1098 1606; x_wconf 82' lang='lat' dir='ltr'><strong>nautam,</strong></span> <span class='ocrx_word' id='word_1_33' title='bbox 1142 1543 1372 1615; x_wconf 93' lang='lat' dir='ltr'><strong>neque</strong></span> <span class='ocrx_word' id='word_1_34' title='bbox 1407 1531 1746 1595; x_wconf 89' lang='lat' dir='ltr'><strong>tectorum</strong></span> <span class='ocrx_word' id='word_1_35' title='bbox 1780 1546 1989 1597; x_wconf 90' lang='lat' dir='ltr'><strong>casus</strong></span> <span class='ocrx_word' id='word_1_36' title='bbox 2024 1525 2474 1597; x_wconf 80' lang='lat' dir='ltr'><strong>architectum</strong></span> <span class='ocrx_word' id='word_1_37' title='bbox 2501 1581 2517 1610; x_wconf 91' lang='lat'><strong>,</strong></span> 
     </span>
     <span class='ocr_line' id='line_1_8' title="bbox 370 1644 2525 1740; baseline 0.003 -27"><span class='ocrx_word' id='word_1_38' title='bbox 370 1664 594 1736; x_wconf 90' lang='lat' dir='ltr'><strong>neque</strong></span> <span class='ocrx_word' id='word_1_39' title='bbox 658 1644 1216 1740; x_wconf 82' lang='lat' dir='ltr'><strong>patremfamilias</strong></span> <span class='ocrx_word' id='word_1_40' title='bbox 1273 1644 1528 1718; x_wconf 89' lang='lat' dir='ltr'><strong>sobolis</strong></span> <span class='ocrx_word' id='word_1_41' title='bbox 1579 1645 1875 1719; x_wconf 88' lang='lat' dir='ltr'><strong>acerbus</strong></span> <span class='ocrx_word' id='word_1_42' title='bbox 1926 1647 2243 1720; x_wconf 89' lang='lat' dir='ltr'><strong>interitus</strong></span> <span class='ocrx_word' id='word_1_43' title='bbox 2292 1648 2525 1720; x_wconf 90' lang='lat' dir='ltr'><strong>deter-</strong></span> 
     </span>
     <span class='ocr_line' id='line_1_9' title="bbox 373 1765 2525 1862; baseline 0.002 -23"><span class='ocrx_word' id='word_1_44' title='bbox 373 1776 525 1839; x_wconf 89' lang='lat' dir='ltr'><strong>reat</strong></span> <span class='ocrx_word' id='word_1_45' title='bbox 559 1765 649 1838; x_wconf 91' lang='lat' dir='ltr'><strong>ab</strong></span> <span class='ocrx_word' id='word_1_46' title='bbox 687 1766 979 1862; x_wconf 91' lang='lat' dir='ltr'><strong>incepto.</strong></span> <span class='ocrx_word' id='word_1_47' title='bbox 1020 1769 1196 1840; x_wconf 87' lang='lat' dir='ltr'><strong>Hinc</strong></span> <span class='ocrx_word' id='word_1_48' title='bbox 1244 1768 1358 1841; x_wconf 91' lang='lat' dir='ltr'><strong>illa</strong></span> <span class='ocrx_word' id='word_1_49' title='bbox 1404 1769 1824 1854; x_wconf 89' lang='lat' dir='ltr'><strong>communia,</strong></span> <span class='ocrx_word' id='word_1_50' title='bbox 1882 1780 1958 1842; x_wconf 89' lang='lat' dir='ltr'><strong>ut</strong></span> <span class='ocrx_word' id='word_1_51' title='bbox 2006 1772 2358 1844; x_wconf 87' lang='lat' dir='ltr'><strong>famelicos</strong></span> <span class='ocrx_word' id='word_1_52' title='bbox 2413 1794 2525 1844; x_wconf 91' lang='lat' dir='ltr'><strong>se-</strong></span> 
     </span>
     <span class='ocr_line' id='line_1_10' title="bbox 372 1891 2526 1987; baseline 0.001 -24"><span class='ocrx_word' id='word_1_53' title='bbox 372 1913 549 1976; x_wconf 89' lang='lat' dir='ltr'><strong>rere,</strong></span> <span class='ocrx_word' id='word_1_54' title='bbox 587 1901 658 1963; x_wconf 91' lang='lat' dir='ltr'><strong>et</strong></span> <span class='ocrx_word' id='word_1_55' title='bbox 694 1893 1070 1984; x_wconf 88' lang='lat' dir='ltr'><strong>naufragos</strong></span> <span class='ocrx_word' id='word_1_56' title='bbox 1104 1891 1463 1984; x_wconf 87' lang='lat' dir='ltr'><strong>navigare,</strong></span> <span class='ocrx_word' id='word_1_57' title='bbox 1501 1902 1576 1964; x_wconf 94' lang='lat' dir='ltr'><strong>et</strong></span> <span class='ocrx_word' id='word_1_58' title='bbox 1607 1891 1826 1964; x_wconf 91' lang='lat' dir='ltr'><strong>ruinis</strong></span> <span class='ocrx_word' id='word_1_59' title='bbox 1860 1893 1988 1965; x_wconf 82' lang='lat' dir='ltr'><strong>vix</strong></span> <span class='ocrx_word' id='word_1_60' title='bbox 2022 1895 2300 1987; x_wconf 89' lang='lat' dir='ltr'><strong>elapsos</strong></span> <span class='ocrx_word' id='word_1_61' title='bbox 2341 1915 2526 1966; x_wconf 86' lang='lat' dir='ltr'><strong>nova</strong></span> 
     </span>
     <span class='ocr_line' id='line_1_11' title="bbox 374 2012 2527 2109; baseline 0 -22"><span class='ocrx_word' id='word_1_62' title='bbox 374 2035 580 2109; x_wconf 88' lang='lat' dir='ltr'><strong>super</strong></span> <span class='ocrx_word' id='word_1_63' title='bbox 618 2015 865 2087; x_wconf 91' lang='lat' dir='ltr'><strong>iisdem</strong></span> <span class='ocrx_word' id='word_1_64' title='bbox 906 2015 1370 2087; x_wconf 82' lang='lat' dir='ltr'><strong>fundamentis</strong></span> <span class='ocrx_word' id='word_1_65' title='bbox 1412 2012 1706 2088; x_wconf 85' lang='lat' dir='ltr'><strong>aedificia</strong></span> <span class='ocrx_word' id='word_1_66' title='bbox 1757 2016 2003 2100; x_wconf 86' lang='lat' dir='ltr'><strong>moliri,</strong></span> <span class='ocrx_word' id='word_1_67' title='bbox 2049 2026 2121 2088; x_wconf 90' lang='lat' dir='ltr'><strong>et</strong></span> <span class='ocrx_word' id='word_1_68' title='bbox 2159 2016 2367 2088; x_wconf 90' lang='lat' dir='ltr'><strong>orbos</strong></span> <span class='ocrx_word' id='word_1_69' title='bbox 2412 2038 2527 2088; x_wconf 89' lang='lat' dir='ltr'><strong>se-</strong></span> 
     </span>
     <span class='ocr_line' id='line_1_12' title="bbox 373 2137 2525 2234; baseline 0.002 -26"><span class='ocrx_word' id='word_1_70' title='bbox 373 2159 499 2211; x_wconf 88' lang='lat' dir='ltr'><strong>nes</strong></span> <span class='ocrx_word' id='word_1_71' title='bbox 531 2138 710 2210; x_wconf 88' lang='lat' dir='ltr'><strong>inter</strong></span> <span class='ocrx_word' id='word_1_72' title='bbox 750 2139 1114 2231; x_wconf 86' lang='lat' dir='ltr'><strong>sepulchra</strong></span> <span class='ocrx_word' id='word_1_73' title='bbox 1156 2137 1451 2210; x_wconf 85' lang='lat' dir='ltr'><strong>filiorum</strong></span> <span class='ocrx_word' id='word_1_74' title='bbox 1491 2138 1646 2211; x_wconf 88' lang='lat' dir='ltr'><strong>aliis</strong></span> <span class='ocrx_word' id='word_1_75' title='bbox 1685 2141 2125 2234; x_wconf 86' lang='lat' dir='ltr'><strong>procreandis</strong></span> <span class='ocrx_word' id='word_1_76' title='bbox 2167 2140 2525 2212; x_wconf 85' lang='lat' dir='ltr'><strong>intendere</strong></span> 
     </span>
     <span class='ocr_line' id='line_1_13' title="bbox 372 2261 2520 2354; baseline 0.001 -21"><span class='ocrx_word' id='word_1_77' title='bbox 372 2262 761 2335; x_wconf 88' lang='lat' dir='ltr'><strong>videamus.</strong></span> <span class='ocrx_word' id='word_1_78' title='bbox 802 2261 1188 2334; x_wconf 85' lang='lat' dir='ltr'><strong>Piscatores</strong></span> <span class='ocrx_word' id='word_1_79' title='bbox 1235 2261 1611 2354; x_wconf 80' lang='lat' dir='ltr'><strong>frigoribus</strong></span> <span class='ocrx_word' id='word_1_80' title='bbox 1664 2273 1738 2334; x_wconf 95' lang='lat' dir='ltr'><strong>et</strong></span> <span class='ocrx_word' id='word_1_81' title='bbox 1784 2264 1964 2336; x_wconf 90' lang='lat' dir='ltr'><strong>fame</strong></span> <span class='ocrx_word' id='word_1_82' title='bbox 2013 2267 2359 2336; x_wconf 88' lang='lat' dir='ltr'><strong>confectos</strong></span> <span class='ocrx_word' id='word_1_83' title='bbox 2408 2262 2520 2335; x_wconf 88' lang='lat' dir='ltr'><strong>hic</strong></span> 
     </span>
     <span class='ocr_line' id='line_1_14' title="bbox 374 2383 2524 2481; baseline 0 -22"><span class='ocrx_word' id='word_1_84' title='bbox 374 2395 534 2459; x_wconf 91' lang='lat' dir='ltr'><strong>ante</strong></span> <span class='ocrx_word' id='word_1_85' title='bbox 565 2387 802 2458; x_wconf 87' lang='lat' dir='ltr'><strong>oculos</strong></span> <span class='ocrx_word' id='word_1_86' title='bbox 833 2384 1083 2470; x_wconf 89' lang='lat' dir='ltr'><strong>habeo;</strong></span> <span class='ocrx_word' id='word_1_87' title='bbox 1124 2383 1377 2457; x_wconf 88' lang='lat' dir='ltr'><strong>mirum</strong></span> <span class='ocrx_word' id='word_1_88' title='bbox 1410 2396 1483 2458; x_wconf 91' lang='lat' dir='ltr'><strong>et</strong></span> <span class='ocrx_word' id='word_1_89' title='bbox 1513 2409 1803 2481; x_wconf 87' lang='lat' dir='ltr'><strong>prorsus</strong></span> <span class='ocrx_word' id='word_1_90' title='bbox 1840 2386 2279 2459; x_wconf 87' lang='lat' dir='ltr'><strong>incredibile!</strong></span> <span class='ocrx_word' id='word_1_91' title='bbox 2313 2388 2524 2461; x_wconf 87' lang='lat' dir='ltr'><strong>Totos</strong></span> 
     </span>
    </p>
   </div>
   <div class='ocr_carea' id='block_1_7' title="bbox 261 2508 2524 2604">
    <p class='ocr_par' dir='ltr' id='par_1_7' title="bbox 261 2508 2524 2604">
     <span class='ocr_line' id='line_1_15' title="bbox 261 2508 2524 2604; baseline 0 -21"><span class='ocrx_word' id='word_1_92' title='bbox 261 2524 266 2527; x_wconf 80' lang='grc'>’</span> <span class='ocrx_word' id='word_1_93' title='bbox 375 2509 529 2583; x_wconf 87' lang='lat' dir='ltr'><strong>dies</strong></span> <span class='ocrx_word' id='word_1_94' title='bbox 568 2509 775 2580; x_wconf 91' lang='lat' dir='ltr'><strong>ieiuni</strong></span> <span class='ocrx_word' id='word_1_95' title='bbox 824 2532 906 2581; x_wconf 89' lang='lat' dir='ltr'><strong>ac</strong></span> <span class='ocrx_word' id='word_1_96' title='bbox 956 2508 1155 2596; x_wconf 91' lang='lat' dir='ltr'><strong>nudi,</strong></span> <span class='ocrx_word' id='word_1_97' title='bbox 1197 2520 1576 2604; x_wconf 88' lang='lat' dir='ltr'><strong>noctesque</strong></span> <span class='ocrx_word' id='word_1_98' title='bbox 1634 2510 1724 2584; x_wconf 88' lang='lat' dir='ltr'><strong>ad</strong></span> <span class='ocrx_word' id='word_1_99' title='bbox 1782 2533 2105 2603; x_wconf 78' lang='lat' dir='ltr'><strong>auroram</strong></span> <span class='ocrx_word' id='word_1_100' title='bbox 2163 2511 2524 2583; x_wconf 90' lang='lat' dir='ltr'><strong>insomnes</strong></span> 
     </span>
    </p>
   </div>
   <div class='ocr_carea' id='block_1_8' title="bbox 375 2632 2534 4324">
    <p class='ocr_par' dir='ltr' id='par_1_8' title="bbox 375 2632 2534 4324">
     <span class='ocr_line' id='line_1_16' title="bbox 376 2632 2525 2729; baseline 0.001 -26"><span class='ocrx_word' id='word_1_101' title='bbox 376 2643 616 2725; x_wconf 89' lang='lat' dir='ltr'><strong>agunt:</strong></span> <span class='ocrx_word' id='word_1_102' title='bbox 658 2654 813 2703; x_wconf 89' lang='lat' dir='ltr'><strong>cum</strong></span> <span class='ocrx_word' id='word_1_103' title='bbox 854 2632 1125 2704; x_wconf 87' lang='lat' dir='ltr'><strong>interim</strong></span> <span class='ocrx_word' id='word_1_104' title='bbox 1168 2636 1282 2704; x_wconf 89' lang='lat' dir='ltr'><strong>vel</strong></span> <span class='ocrx_word' id='word_1_105' title='bbox 1315 2635 1487 2706; x_wconf 88' lang='lat' dir='ltr'><strong>retia</strong></span> <span class='ocrx_word' id='word_1_106' title='bbox 1521 2635 1928 2707; x_wconf 86' lang='lat' dir='ltr'><strong>tentantium</strong></span> <span class='ocrx_word' id='word_1_107' title='bbox 1966 2657 2102 2707; x_wconf 88' lang='lat' dir='ltr'><strong>una</strong></span> <span class='ocrx_word' id='word_1_108' title='bbox 2134 2636 2525 2729; x_wconf 90' lang='lat' dir='ltr'><strong>eademque</strong></span> 
     </span>
     <span class='ocr_line' id='line_1_17' title="bbox 377 2754 2527 2851; baseline 0.001 -24"><span class='ocrx_word' id='word_1_109' title='bbox 377 2776 532 2827; x_wconf 90' lang='lat' dir='ltr'><strong>sors</strong></span> <span class='ocrx_word' id='word_1_110' title='bbox 557 2763 691 2825; x_wconf 87' lang='lat' dir='ltr'><strong>est:</strong></span> <span class='ocrx_word' id='word_1_111' title='bbox 718 2754 883 2824; x_wconf 89' lang='lat' dir='ltr'><strong>nihil</strong></span> <span class='ocrx_word' id='word_1_112' title='bbox 909 2775 1145 2847; x_wconf 91' lang='lat' dir='ltr'><strong>agere,</strong></span> <span class='ocrx_word' id='word_1_113' title='bbox 1175 2757 1432 2827; x_wconf 88' lang='lat' dir='ltr'><strong>frustra</strong></span> <span class='ocrx_word' id='word_1_114' title='bbox 1461 2758 1795 2851; x_wconf 88' lang='lat' dir='ltr'><strong>torqueri,</strong></span> <span class='ocrx_word' id='word_1_115' title='bbox 1830 2767 2122 2851; x_wconf 81' lang='lat' dir='ltr'><strong>tempuS‚</strong></span> <span class='ocrx_word' id='word_1_116' title='bbox 2155 2756 2527 2849; x_wconf 88' lang='lat' dir='ltr'><strong>aliquando</strong></span> 
     </span>
     <span class='ocr_line' id='line_1_18' title="bbox 375 2877 2529 2975; baseline 0 -26"><span class='ocrx_word' id='word_1_117' title='bbox 375 2879 607 2950; x_wconf 83' lang='lat' dir='ltr'><strong>forsan</strong></span> <span class='ocrx_word' id='word_1_118' title='bbox 643 2877 874 2964; x_wconf 86' lang='lat' dir='ltr'><strong>utilius</strong></span> <span class='ocrx_word' id='word_1_119' title='bbox 898 2877 1467 2964; x_wconf 88' lang='lat' dir='ltr'><strong>consumendum,</strong></span> <span class='ocrx_word' id='word_1_120' title='bbox 1498 2880 1811 2975; x_wconf 87' lang='lat' dir='ltr'><strong>perdere.</strong></span> <span class='ocrx_word' id='word_1_121' title='bbox 1846 2880 2088 2973; x_wconf 90' lang='lat' dir='ltr'><strong>Neque</strong></span> <span class='ocrx_word' id='word_1_122' title='bbox 2117 2888 2371 2964; x_wconf 88' lang='lat' dir='ltr'><strong>tamen,</strong></span> <span class='ocrx_word' id='word_1_123' title='bbox 2403 2878 2529 2950; x_wconf 91' lang='lat' dir='ltr'><strong>ob-</strong></span> 
     </span>
     <span class='ocr_line' id='line_1_19' title="bbox 378 2999 2524 3095; baseline -0.001 -22"><span class='ocrx_word' id='word_1_124' title='bbox 378 2999 648 3073; x_wconf 87' lang='lat' dir='ltr'><strong>stinatis</strong></span> <span class='ocrx_word' id='word_1_125' title='bbox 689 3001 777 3074; x_wconf 88' lang='lat' dir='ltr'><strong>ad</strong></span> <span class='ocrx_word' id='word_1_126' title='bbox 811 3002 1154 3094; x_wconf 85' lang='lat' dir='ltr'><strong>inceptum</strong></span> <span class='ocrx_word' id='word_1_127' title='bbox 1184 3000 1451 3086; x_wconf 90' lang='lat' dir='ltr'><strong>animis,</strong></span> <span class='ocrx_word' id='word_1_128' title='bbox 1483 3024 1523 3072; x_wconf 90' lang='lat' dir='ltr'><strong>a</strong></span> <span class='ocrx_word' id='word_1_129' title='bbox 1550 3002 1736 3073; x_wconf 87' lang='lat' dir='ltr'><strong>fatali</strong></span> <span class='ocrx_word' id='word_1_130' title='bbox 1763 3001 2041 3095; x_wconf 78' lang='lat' dir='ltr'><strong>gurgite</strong></span> <span class='ocrx_word' id='word_1_131' title='bbox 2075 3002 2524 3074; x_wconf 89' lang='lat' dir='ltr'><strong>divelluntur.</strong></span> 
     </span>
     <span class='ocr_line' id='line_1_20' title="bbox 380 3124 2530 3220; baseline -0.002 -22"><span class='ocrx_word' id='word_1_132' title='bbox 380 3126 613 3220; x_wconf 90' lang='lat' dir='ltr'><strong>Usque</strong></span> <span class='ocrx_word' id='word_1_133' title='bbox 655 3124 859 3212; x_wconf 89' lang='lat' dir='ltr'><strong>adeo,</strong></span> <span class='ocrx_word' id='word_1_134' title='bbox 903 3126 1112 3197; x_wconf 87' lang='lat' dir='ltr'><strong>etiam</strong></span> <span class='ocrx_word' id='word_1_135' title='bbox 1154 3125 1399 3209; x_wconf 91' lang='lat' dir='ltr'><strong>amari,</strong></span> <span class='ocrx_word' id='word_1_136' title='bbox 1438 3124 1752 3196; x_wconf 88' lang='lat' dir='ltr'><strong>exercitii</strong></span> <span class='ocrx_word' id='word_1_137' title='bbox 1787 3124 2223 3197; x_wconf 87' lang='lat' dir='ltr'><strong>consuetudo</strong></span> <span class='ocrx_word' id='word_1_138' title='bbox 2262 3125 2530 3217; x_wconf 90' lang='lat' dir='ltr'><strong>longior</strong></span> 
     </span>
     <span class='ocr_line' id='line_1_21' title="bbox 378 3245 2521 3330; baseline 0 -14"><span class='ocrx_word' id='word_1_139' title='bbox 378 3245 599 3319; x_wconf 86' lang='lat' dir='ltr'><strong>dulcis</strong></span> <span class='ocrx_word' id='word_1_140' title='bbox 670 3258 800 3318; x_wconf 89' lang='lat' dir='ltr'><strong>est.</strong></span> <span class='ocrx_word' id='word_1_141' title='bbox 867 3248 1240 3318; x_wconf 85' lang='lat' dir='ltr'><strong>Infaustam</strong></span> <span class='ocrx_word' id='word_1_142' title='bbox 1308 3267 1592 3317; x_wconf 85' lang='lat' dir='ltr'><strong>arenam</strong></span> <span class='ocrx_word' id='word_1_143' title='bbox 1669 3246 1805 3318; x_wconf 92' lang='lat' dir='ltr'><strong>imo</strong></span> <span class='ocrx_word' id='word_1_144' title='bbox 1868 3254 2239 3318; x_wconf 87' lang='lat' dir='ltr'><strong>verrentes·</strong></span> <span class='ocrx_word' id='word_1_145' title='bbox 2295 3248 2521 3330; x_wconf 88' lang='lat' dir='ltr'><strong>alve0,</strong></span> 
     </span>
     <span class='ocr_line' id='line_1_22' title="bbox 380 3367 2528 3464; baseline 0 -26"><span class='ocrx_word' id='word_1_146' title='bbox 380 3387 588 3461; x_wconf 88' lang='lat' dir='ltr'><strong>quam</strong></span> <span class='ocrx_word' id='word_1_147' title='bbox 626 3367 902 3461; x_wconf 84' lang='lat' dir='ltr'><strong>fugiunt</strong></span> <span class='ocrx_word' id='word_1_148' title='bbox 936 3377 1325 3461; x_wconf 82' lang='lat' dir='ltr'><strong>egestatem</strong></span> <span class='ocrx_word' id='word_1_149' title='bbox 1365 3368 1543 3439; x_wconf 89' lang='lat' dir='ltr'><strong>inter</strong></span> <span class='ocrx_word' id='word_1_150' title='bbox 1583 3368 1807 3440; x_wconf 90' lang='lat' dir='ltr'><strong>undas</strong></span> <span class='ocrx_word' id='word_1_151' title='bbox 1859 3380 1931 3441; x_wconf 91' lang='lat' dir='ltr'><strong>et</strong></span> <span class='ocrx_word' id='word_1_152' title='bbox 1971 3371 2289 3464; x_wconf 90' lang='lat' dir='ltr'><strong>scopulos</strong></span> <span class='ocrx_word' id='word_1_153' title='bbox 2333 3368 2528 3438; x_wconf 88' lang='lat' dir='ltr'><strong>inve-</strong></span> 
     </span>
     <span class='ocr_line' id='line_1_23' title="bbox 379 3470 2530 3586; baseline -0.001 -25"><span class='ocrx_word' id='word_1_154' title='bbox 379 3491 600 3577; x_wconf 88' lang='lat' dir='ltr'><strong>niunt,</strong></span> <span class='ocrx_word' id='word_1_155' title='bbox 644 3470 998 3586; x_wconf 91' lang='lat' dir='ltr'><strong>nunquam</strong></span> <span class='ocrx_word' id='word_1_156' title='bbox 1047 3493 1223 3563; x_wconf 84' lang='lat' dir='ltr'><strong>forte</strong></span> <span class='ocrx_word' id='word_1_157' title='bbox 1273 3489 1461 3584; x_wconf 90' lang='lat' dir='ltr'><strong>quod</strong></span> <span class='ocrx_word' id='word_1_158' title='bbox 1514 3499 1874 3584; x_wconf 91' lang='lat' dir='ltr'><strong>tantopere</strong></span> <span class='ocrx_word' id='word_1_159' title='bbox 1926 3499 2255 3583; x_wconf 90' lang='lat' dir='ltr'><strong>satagunt</strong></span> <span class='ocrx_word' id='word_1_160' title='bbox 2295 3511 2530 3583; x_wconf 85' lang='lat' dir='ltr'><strong>reper-</strong></span> 
     </span>
     <span class='ocr_line' id='line_1_24' title="bbox 381 3611 2531 3708; baseline -0.002 -23"><span class='ocrx_word' id='word_1_161' title='bbox 381 3615 535 3686; x_wconf 85' lang='lat' dir='ltr'><strong>turi.</strong></span> <span class='ocrx_word' id='word_1_162' title='bbox 578 3616 698 3686; x_wconf 81' lang='lat' dir='ltr'><strong>illa</strong></span> <span class='ocrx_word' id='word_1_163' title='bbox 739 3615 1038 3708; x_wconf 91' lang='lat' dir='ltr'><strong>quidem,</strong></span> <span class='ocrx_word' id='word_1_164' title='bbox 1081 3614 1270 3687; x_wconf 87' lang='lat' dir='ltr'><strong>dictu</strong></span> <span class='ocrx_word' id='word_1_165' title='bbox 1311 3614 1594 3698; x_wconf 91' lang='lat' dir='ltr'><strong>minora,</strong></span> <span class='ocrx_word' id='word_1_166' title='bbox 1638 3612 1874 3685; x_wconf 89' lang='lat' dir='ltr'><strong>nescio</strong></span> <span class='ocrx_word' id='word_1_167' title='bbox 1901 3634 1991 3684; x_wconf 90' lang='lat' dir='ltr'><strong>an</strong></span> <span class='ocrx_word' id='word_1_168' title='bbox 2026 3611 2271 3683; x_wconf 87' lang='lat' dir='ltr'><strong>maiori</strong></span> <span class='ocrx_word' id='word_1_169' title='bbox 2311 3611 2531 3682; x_wconf 89' lang='lat' dir='ltr'><strong>admi·-</strong></span> 
     </span>
     <span class='ocr_line' id='line_1_25' title="bbox 379 3733 2531 3829; baseline 0 -25"><span class='ocrx_word' id='word_1_170' title='bbox 379 3736 644 3807; x_wconf 91' lang='lat' dir='ltr'><strong>ratione</strong></span> <span class='ocrx_word' id='word_1_171' title='bbox 691 3735 904 3829; x_wconf 89' lang='lat' dir='ltr'><strong>digna</strong></span> <span class='ocrx_word' id='word_1_172' title='bbox 945 3737 1100 3810; x_wconf 89' lang='lat' dir='ltr'><strong>sint.</strong></span> <span class='ocrx_word' id='word_1_173' title='bbox 1153 3737 1486 3809; x_wconf 88' lang='lat' dir='ltr'><strong>Ferarum</strong></span> <span class='ocrx_word' id='word_1_174' title='bbox 1531 3735 1867 3820; x_wconf 89' lang='lat' dir='ltr'><strong>studium,</strong></span> <span class='ocrx_word' id='word_1_175' title='bbox 1914 3733 2165 3805; x_wconf 86' lang='lat' dir='ltr'><strong>totiens</strong></span> <span class='ocrx_word' id='word_1_176' title='bbox 2214 3733 2531 3805; x_wconf 88' lang='lat' dir='ltr'><strong>vacuatis</strong></span> 
     </span>
     <span class='ocr_line' id='line_1_26' title="bbox 378 3856 2533 3954; baseline -0.002 -23"><span class='ocrx_word' id='word_1_177' title='bbox 378 3857 746 3946; x_wconf 79' lang='lat' dir='ltr'><strong>cubilibuS‚</strong></span> <span class='ocrx_word' id='word_1_178' title='bbox 795 3881 935 3932; x_wconf 89' lang='lat' dir='ltr'><strong>non</strong></span> <span class='ocrx_word' id='word_1_179' title='bbox 975 3859 1312 3932; x_wconf 87' lang='lat' dir='ltr'><strong>lentescit.</strong></span> <span class='ocrx_word' id='word_1_180' title='bbox 1365 3859 1584 3932; x_wconf 90' lang='lat' dir='ltr'><strong>Novis</strong></span> <span class='ocrx_word' id='word_1_181' title='bbox 1627 3859 1907 3932; x_wconf 85' lang='lat' dir='ltr'><strong>foetibus</strong></span> <span class='ocrx_word' id='word_1_182' title='bbox 1949 3856 2300 3954; x_wconf 84' lang='lat' dir='ltr'><strong>pariendis</strong></span> <span class='ocrx_word' id='word_1_183' title='bbox 2343 3857 2533 3928; x_wconf 91' lang='lat' dir='ltr'><strong>alen-</strong></span> 
     </span>
     <span class='ocr_line' id='line_1_27' title="bbox 380 3979 2533 4077; baseline -0.002 -23"><span class='ocrx_word' id='word_1_184' title='bbox 380 3980 648 4074; x_wconf 90' lang='lat' dir='ltr'><strong>disque,</strong></span> <span class='ocrx_word' id='word_1_185' title='bbox 691 3982 902 4077; x_wconf 92' lang='lat' dir='ltr'><strong>prolis</strong></span> <span class='ocrx_word' id='word_1_186' title='bbox 945 3992 1144 4077; x_wconf 91' lang='lat' dir='ltr'><strong>raptu</strong></span> <span class='ocrx_word' id='word_1_187' title='bbox 1178 4005 1534 4076; x_wconf 90' lang='lat' dir='ltr'><strong>nunquam</strong></span> <span class='ocrx_word' id='word_1_188' title='bbox 1574 3982 1878 4075; x_wconf 88' lang='lat' dir='ltr'><strong>segnior.</strong></span> <span class='ocrx_word' id='word_1_189' title='bbox 1902 3981 2097 4073; x_wconf 88' lang='lat' dir='ltr'><strong>tigris</strong></span> <span class='ocrx_word' id='word_1_190' title='bbox 2134 3979 2341 4063; x_wconf 88' lang='lat' dir='ltr'><strong>redit;</strong></span> <span class='ocrx_word' id='word_1_191' title='bbox 2381 4002 2533 4050; x_wconf 89' lang='lat' dir='ltr'><strong>cre-</strong></span> 
     </span>
     <span class='ocr_line' id='line_1_28' title="bbox 381 4103 2534 4201; baseline -0.001 -26"><span class='ocrx_word' id='word_1_192' title='bbox 381 4103 485 4175; x_wconf 90' lang='lat' dir='ltr'><strong>bri</strong></span> <span class='ocrx_word' id='word_1_193' title='bbox 525 4114 768 4201; x_wconf 87' lang='lat' dir='ltr'><strong>partus</strong></span> <span class='ocrx_word' id='word_1_194' title='bbox 822 4106 1066 4178; x_wconf 87' lang='lat' dir='ltr'><strong>solatio</strong></span> <span class='ocrx_word' id='word_1_195' title='bbox 1117 4104 1471 4179; x_wconf 87' lang='lat' dir='ltr'><strong>destitutae</strong></span> <span class='ocrx_word' id='word_1_196' title='bbox 1522 4107 1734 4177; x_wconf 90' lang='lat' dir='ltr'><strong>nihilo</strong></span> <span class='ocrx_word' id='word_1_197' title='bbox 1785 4103 2202 4177; x_wconf 88' lang='lat' dir='ltr'><strong>moderatior</strong></span> <span class='ocrx_word' id='word_1_198' title='bbox 2252 4103 2322 4174; x_wconf 91' lang='lat' dir='ltr'><strong>in</strong></span> <span class='ocrx_word' id='word_1_199' title='bbox 2376 4104 2534 4175; x_wconf 90' lang='lat' dir='ltr'><strong>reli-</strong></span> 
     </span>
     <span class='ocr_line' id='line_1_29' title="bbox 383 4226 2534 4324; baseline -0.001 -27"><span class='ocrx_word' id='word_1_200' title='bbox 383 4248 596 4319; x_wconf 90' lang='lat' dir='ltr'><strong>quum</strong></span> <span class='ocrx_word' id='word_1_201' title='bbox 649 4227 858 4300; x_wconf 89' lang='lat' dir='ltr'><strong>ardor</strong></span> <span class='ocrx_word' id='word_1_202' title='bbox 908 4238 1035 4299; x_wconf 89' lang='lat' dir='ltr'><strong>est.</strong></span> <span class='ocrx_word' id='word_1_203' title='bbox 1087 4226 1496 4315; x_wconf 88' lang='lat' dir='ltr'><strong>Philomela,</strong></span> <span class='ocrx_word' id='word_1_204' title='bbox 1551 4236 1919 4323; x_wconf 91' lang='lat' dir='ltr'><strong>postquam</strong></span> <span class='ocrx_word' id='word_1_205' title='bbox 1972 4227 2299 4324; x_wconf 85' lang='lat' dir='ltr'><strong>pastorali</strong></span> <span class='ocrx_word' id='word_1_206' title='bbox 2350 4229 2534 4297; x_wconf 89' lang='lat' dir='ltr'><strong>furto</strong></span> 
     </span>
    </p>
   </div>
  </div>
 </body>
</html>
