3104 4805
1089 343 1395 392 EPISTULA
1440 344 1522 391 AD
1566 344 1906 394 Pos'rEROS.
2541 335 2570 392 7

419 484 549 556 sed
587 485 658 553 in
697 482 939 574 primis
974 481 1156 552 illius
1193 483 1712 568 taediosissimae
1750 484 1946 556 urbis
1981 487 2334 558 fastidium
2369 495 2577 577 atque

418 606 652 677 odium
702 603 1106 674 naturaliter
1156 604 1387 675 animo
1436 628 1591 677 meo
1640 606 1925 677 insitum
1984 611 2161 679 ferre
2218 630 2357 678 non
2414 627 2577 699 pos-

421 750 597 811 sem,
651 726 1136 797 diverticulum
1187 725 1470 818 aliquod
1517 728 1722 819 quasi
1761 738 2035 820 portum
2074 750 2428 821 quaerens,
2468 751 2577 800 re·

419 849 595 942 perii
648 849 916 918 Vallem
974 848 1429 940 perexiguam
1490 849 1618 921 sed
1677 850 2053 921 solitariam
2105 860 2312 942 atque
2361 871 2578 922 amoe-

421 991 607 1055 nam,
650 990 814 1061 quae
856 970 1111 1040 Clausa
1152 969 1419 1055 dicitur,
1463 971 1858 1063 quindecim
1899 993 2234 1064 passuum
2275 970 2575 1042 millibus

422 1090 516 1161 ab
547 1075 890 1163 Avinione
917 1091 1321 1176 distantem,
1358 1092 1479 1163 ubi
1518 1092 1807 1164 fontium
1848 1115 1978 1163 rex
2017 1092 2324 1164 omnium
2359 1093 2577 1182 Sorga

420 1211 662 1281 oritur.
700 1211 961 1304 Captus
1000 1189 1132 1283 loci
1164 1212 1552 1298 dulcedine,
1591 1213 1856 1285 libellos
1891 1234 2086 1283 meos
2124 1222 2197 1282 et
2235 1212 2575 1304 meipsum

422 1331 581 1404 illuc
627 1335 969 1404 transtuli.
1023 1335 1265 1425 Longa
1320 1336 1452 1408 erit
1507 1336 1799 1407 historia
1859 1336 1919 1407 si
1977 1356 2266 1429 pergam
2321 1334 2575 1426 exequi

419 1454 590 1546 quid
628 1449 739 1525 ibi'
764 1458 1018 1527 multos
1061 1478 1142 1527 ac
1181 1459 1434 1528 multos
1484 1457 1748 1548 egerim
1793 1478 1918 1549 per
1969 1476 2211 1528 annos.
2254 1457 2421 1525 Haec
2468 1465 2578 1526 est

423 1598 720 1659 summa,
765 1577 955 1669 quod
993 1579 1335 1668 quidquid
1372 1581 1513 1650 fere
1552 1581 2044 1671 opusculorum
2085 1577 2255 1648 mihi
2285 1577 2575 1662 excidit,

420 1697 515 1768 ihi
547 1699 660 1771 vel
692 1708 947 1781 actum,
979 1701 1092 1770 vel
1123 1709 1456 1792 coeptum‚
1492 1701 1605 1771 vel
1639 1708 2048 1792 conceptum
2079 1708 2214 1783 est,
2245 1720 2409 1791 quae
2435 1708 2578 1771 tam

421 1822 639 1890 multa
660 1823 939 1892 fuerunt
971 1830 1051 1892 ut
1082 1842 1308 1914 usque
1335 1821 1427 1894 ad
1452 1822 1633 1892 hanc
1657 1830 1936 1893 aetatem
1962 1843 2075 1893 me
2096 1831 2473 1892 exerceant
2496 1841 2578 1892 ac

421 1942 724 2031 fatigent.
757 1942 914 2013 Fuit
960 1942 1146 2014 enim
1196 1943 1366 2013 mihi
1403 1953 1480 2012 ut
1518 1963 1774 2034 corpus
1818 1944 1919 2016 sic
1957 1943 2308 2032 ingenium
2348 1942 2574 2032 magis

421 2065 687 2155 pollens
745 2064 1159 2136 dexteritate
1217 2085 1428 2156 quam
1484 2063 1778 2135 viribuS.
1841 2063 2080 2155 Itaque
2136 2064 2353 2135 multa
2409 2063 2577 2134 mihi

417 2185 641 2255 facilia
696 2185 1028 2276 cogitatu,
1084 2207 1247 2277 quae
1310 2184 1720 2256 executione
1777 2185 2078 2255 difficilia
2137 2182 2572 2274 praetermisi.

419 2307 543 2376 Hic
581 2306 750 2377 mihi
801 2308 955 2398 ipsa
1012 2309 1319 2378 locorum
1368 2307 1579 2378 facies
1641 2306 1998 2396 suggessit
2055 2315 2135 2374 ut
2180 2305 2577 2376 Bucolicum

420 2428 742 2514 Carmen,
788 2430 1109 2501 silvestre
1147 2449 1358 2521 opuS,
1403 2428 1852 2519 aggrederer,
1897 2438 1967 2499 et
2004 2428 2186 2498 Vitae
2237 2427 2577 2498 Solitariae

420 2549 633 2620 libros
683 2550 859 2621 duos
909 2551 1001 2623 ad
1039 2551 1430 2643 Philippum
1471 2571 1745 2642 semper
1795 2570 2127 2641 magnum
2173 2550 2403 2622 virum
2452 2549 2579 2621 sed

418 2694 711 2764 parvum
756 2683 917 2744 tunc
954 2675 1377 2767 Episcopum
1412 2673 1985 2757 Cavallicensem,
2024 2695 2206 2745 nunc
2244 2694 2574 2763 magnum

419 2795 870 2867 Sabinensem
904 2795 1327 2888 Episcopum
1364 2795 1814 2879 Cardinalem,
1855 2796 1974 2885 qui
2008 2795 2179 2865 mihi
2211 2796 2348 2863 iam
2385 2796 2575 2866 solus

419 2919 724 2991 omnium
784 2927 1099 2989 veterum
1151 2926 1539 3010 supersteS,
1593 2938 1731 2989 non
1780 2937 1892 2986 me
1939 2915 2447 3007 episcopaliter,
2500 2926 2578 2985 ut

418 3037 831 3109 Ambrosius
874 3035 1361 3128 Augustinum,
1409 3037 1533 3109 sed
1581 3038 1886 3106 fraterne
1930 3033 2174 3106 dilexit
2212 3055 2293 3105 ac
2331 3032 2571 3123 diligit.

423 3158 559 3228 Illis
611 3159 681 3228 in
732 3158 1084 3229 montibus
1134 3159 1418 3248 vaganti
1470 3167 1674 3228 sexta
1724 3155 2023 3247 quadam
2075 3154 2247 3225 feria
2296 3154 2574 3226 maioris

423 3278 881 3350 hebdomadae
929 3279 1254 3370 cogitatio
1305 3278 1556 3363 incidit,
1599 3288 1670 3348 et
1707 3277 1955 3363 valida,
2001 3286 2081 3347 ut
2119 3276 2207 3347 de
2263 3276 2577 3368 Scipione

424 3398 745 3471 Africano
780 3401 892 3470 illo
925 3401 1174 3492 primo,
1209 3400 1413 3472 cuius
1448 3421 1722 3485 nomen,
1754 3400 2006 3470 mirum
2041 3398 2253 3482 unde,
2281 3419 2323 3466 a
2356 3397 2576 3488 prima

426 3520 593 3589 mihi
640 3532 848 3593 aetate
892 3544 1130 3592 carum
1179 3522 1331 3607 fuit,
1387 3521 1726 3613 poeticum
1778 3519 2040 3612 aliquid
2087 3518 2361 3589 heroico
2422 3537 2576 3586 car—

426 3642 606 3726 mine
655 3643 1050 3715 scriberem.
1113 3643 1316 3726 Quod
1381 3654 1544 3713 tunc
1607 3662 1868 3730 magno
1920 3649 2224 3729 coeptum
2282 3637 2568 3726 impetu,

427 3763 640 3833 variis
680 3785 849 3833 mox
888 3763 1264 3835 distractus
1314 3762 1503 3833 curis
1544 3760 1911 3844 intermisi,
1959 3757 2114 3840 sed,
2159 3754 2448 3826 subiecti
2487 3754 2575 3826 de

423 3884 715 3968 nomine,
750 3885 1003 3957 Africae
1043 3908 1293 3957 nomen
1327 3885 1503 3956 libro
1544 3883 1734 3968 dedi,
1780 3881 1969 3974 operi
2010 3878 2244 3951 nescio
2282 3900 2423 3971 qua
2464 3879 2574 3949 vel

421 4029 551 4077 sua
601 4011 715 4079 vel
763 4031 920 4080 mea
969 4012 1241 4080 fortuna
1284 4009 1534 4080 dilecto
1585 4006 1818 4077 multis
1862 4014 2231 4095 antequam
2278 4002 2569 4093 cognito.

420 4129 558 4201 Illis
610 4130 683 4200 in
730 4131 899 4202 locis
952 4152 1217 4201 moram
1268 4131 1597 4214 trahenti,
1651 4130 1837 4202 dictu
1892 4126 2229 4208 mirabile,
2274 4148 2412 4196 uno
2463 4122 2574 4194 die
