3104 4805
609 378 801 426 cxvul
1372 376 1904 425 PROLEGOMENON.

594 516 691 588 Ep.
731 515 819 570 16.
862 515 1120 569 Gmmrro
1150 528 1220 568 m*
1258 514 1548 571 Lunovxco
1587 531 1658 570 ne
1686 515 1969 571 Comumo
2000 531 2337 575 rm'rmnus.
2361 550 2433 562 —
2453 523 2682 595 Episto-

983 607 1103 660 lam
1134 611 1402 660 vestram.

910 696 1053 767 Ar9.
1100 696 1460 751 Lamentatur
1503 702 1742 750 mortem
1788 696 1987 767 patriS,
2041 713 2212 770 seque
2247 715 2342 754 eos
2370 707 2685 759 constanter

976 793 1292 858 amaturum
1320 787 1612 859 promittit.

589 879 689 952 Ep.
727 879 818 934 17.
858 878 945 933 An
974 893 1253 934 lusorum.
1272 878 1556 949 —Equus
1581 894 1744 932 meus
1773 878 2015 932 stabulis
2046 878 2179 932 tuis.

908 970 1054 1042 Ar9.
1088 971 1248 1036 Quod
1274 985 1482 1041 equum
1511 984 1677 1022 suum
1705 966 2025 1022 custodierit
2053 984 2364 1039 sanumque
2410 971 2684 1026 remiserit

976 1058 1178 1129 gratias
1205 1058 1341 1128 agit:
1375 1062 1430 1111 et
1456 1056 1779 1128 patientiam
1805 1056 1864 1111 in
1891 1056 2135 1113 adversis
2162 1058 2376 1112 suadet.

586 1149 686 1222 Ep.
727 1149 816 1204 18.
858 1149 943 1202 An
971 1161 1235 1203 IGNOTOS.
1258 1177 1330 1188 —
1347 1146 1724 1203 Excellentioe
1751 1151 1957 1200 vestrae
1984 1146 2225 1201 litteras.

908 1239 1051 1309 Ar9.
1083 1237 1244 1292 Dolet
1283 1241 1522 1291 mortem
1569 1235 1742 1307 patris
1785 1252 2014 1306 eorum,
2051 1241 2107 1292 et
2142 1237 2212 1292 ab
2247 1237 2367 1292 eius
2402 1239 2677 1310 epitaphio

978 1323 1267 1379 scribendo
1292 1339 1352 1378 se
1380 1329 1605 1379 excusat
1632 1323 1702 1378 ob
1728 1325 1934 1379 malam
1964 1325 2050 1380 sui
2079 1324 2468 1380 valetudinem.

585 1417 683 1489 Ep.
724 1415 814 1470 19.
853 1414 1045 1469 Momo
1075 1413 1391 1467 PARMENSI.
1414 1443 1485 1454 —
1504 1414 1638 1469 Heu
1665 1415 1820 1469 mihi
1847 1416 1990 1486 quid
2018 1416 2141 1470 hoc.

902 1504 1047 1575 Arq.
1077 1503 1365 1559 Demortui
1408 1504 1612 1559 Azouis
1640 1503 1708 1559 de
1737 1503 1983 1576 Corrigio
2028 1505 2350 1569 memoriam
2380 1503 2484 1559 sibi
2511 1505 2674 1559 caris-

974 1595 1171 1649 simam
1198 1595 1446 1650 lacrimis
1472 1600 1528 1649 et
1555 1594 1828 1650 desiderio
1858 1595 2230 1667 prosequitur.

582 1686 682 1759 Ep.
723 1685 811 1740 20.
852 1685 939 1740 Ab
964 1698 1244 1740 misorum.
1266 1714 1339 1726 —
1357 1684 1529 1740 Illius
1555 1685 1672 1738 viri
1698 1685 1936 1757 optimi.

899 1774 1043 1845 Ary.
1076 1772 1235 1839 Quod
1260 1772 1528 1828 nuncium
1557 1789 1722 1828 suum
1750 1773 1979 1829 comiter
2003 1776 2278 1847 exceperit
2304 1777 2503 1846 gratias
2531 1776 2667 1848 agit:

971 1862 1121 1934 quod
1166 1864 1328 1920 illum
1373 1863 1609 1934 pecunia
1649 1861 1936 1917 donaverit
1979 1861 2278 1917 amicitiam
2322 1863 2442 1919 eius
2485 1881 2676 1937 repre-

975 1953 1188 2008 hendit.

581 2043 679 2115 Ep.
720 2043 808 2098 21.
849 2043 1079 2097 Domno
1108 2043 1423 2097 PARMENSI.
1441 2043 1691 2097 —Inter
1718 2059 1999 2098 curarum
2026 2060 2315 2099 mearum.

896 2130 1041 2202 Ary.
1064 2131 1336 2201 Zelotypia
1352 2131 1695 2187 laborantem
1713 2134 1967 2189 hortatur
1982 2139 2046 2189 ut
2064 2151 2287 2190 omnem
2306 2133 2674 2206 suspicionem

969 2219 1155 2273 animo
1182 2220 1438 2291 deponat.

579 2310 677 2381 Ep.
717 2309 804 2364 22.
846 2310 1118 2363 BARBATO
1148 2308 1532 2363 SULMONENSI.
1556 2339 1627 2349 —
1646 2308 1928 2363 Invidisse
1955 2312 2278 2380 fortunam.

895 2395 1041 2466 Ar9.
1074 2393 1349 2450 Absentiae
1378 2394 1627 2452 dolorem
1668 2394 1958 2451 scribendo
1997 2395 2177 2451 leniri.
2228 2397 2478 2452 Nimium
2505 2414 2564 2452 se
2600 2397 2669 2451 ab

961 2485 1055 2539 illo
1083 2484 1326 2538 laudari:
1358 2485 1526 2539 nimis
1552 2486 1679 2556 plus
1706 2502 1865 2556 aequo
1894 2484 2015 2539 fieri
2053 2487 2258 2558 scripta
2302 2504 2433 2556 sua,
2465 2487 2668 2559 quibus

965 2574 1213 2645 undique
1240 2573 1560 2643 colligendis
1589 2590 1814 2645 operam
1842 2574 2024 2629 dabat.
2287 2564 2292 2569 ’

576 2661 677 2734 Ep.
718 2662 806 2716 23.
849 2663 935 2717 An
965 2662 1247 2717 IGNOTUM.
1265 2691 1337 2703 —
1355 2662 1626 2717 Iucunda
1652 2664 1786 2734 ipsa
1811 2662 2122 2736 felicitate.

889 2752 1033 2824 Ary.
1066 2751 1311 2823 Epistola
1354 2752 1472 2806 haec
1512 2752 1832 2823 ingeniosus
1858 2752 2016 2807 lusus
2044 2757 2154 2806 est:
2186 2752 2232 2807 si
2277 2758 2425 2808 recto
2470 2754 2663 2810 ordine

962 2848 1141 2919 legaS,
1171 2847 1521 2902 commendat
1563 2848 1722 2903 illum
1752 2846 1839 2902 cui
1867 2847 2104 2902 mittitur
2143 2852 2198 2902 et
2233 2849 2420 2903 omnia
2444 2850 2493 2905 ei
2519 2850 2666 2906 bona

966 2944 1248 3010 precatur:
1280 2936 1327 2991 si
1354 2937 1547 2991 ordine
1575 2937 1792 2991 inverso
1821 2936 1891 2990 ab
1918 2936 2117 2990 ultimo
2144 2935 2312 2991 verbo
2355 2937 2585 3010 incipias
2612 2946 2667 2994 et

963 3033 1269 3082 retrorsum
1296 3026 1564 3097 gradiaris
1590 3025 1659 3080 ad
1686 3026 1962 3097 primum,
1991 3026 2154 3080 illum
2183 3026 2250 3080 de
2278 3028 2431 3082 omni
2457 3028 2586 3083 vitio
2612 3034 2668 3083 et

968 3117 1152 3188 pravis
1179 3116 1429 3171 moribus
1456 3115 1781 3188 exprobrat,
1808 3120 1863 3170 et
1890 3121 2056 3187 caput
2082 3115 2201 3171 eius
2229 3116 2366 3172 diris
2391 3117 2637 3173 devovet.

570 3204 675 3277 Ep.
712 3205 802 3260 24.
844 3204 1090 3260 Ionam
1119 3206 1403 3261 Anss'rmo.
1425 3236 1497 3246 —
1515 3206 1849 3261 Iucundum
1877 3206 1940 3261 in
1968 3212 2284 3278 stuporem.

885 3294 1029 3367 Ary.
1071 3294 1384 3367 Hospitium
1403 3312 1436 3350 a
1454 3295 1679 3350 domino
1698 3296 1818 3351 eius
1837 3296 2136 3351 liberaliter
2153 3298 2391 3352 Mantuae
2419 3297 2664 3353 delatum

959 3402 1019 3440 se
1044 3386 1276 3441 fortasse
1305 3392 1590 3458 acceptum
1618 3385 1960 3441 habiturum.

572 3475 674 3549 Ep.
712 3476 801 3530 25.
843 3475 1089 3532 IonANM
1117 3490 1190 3532 m:
1217 3476 1541 3532 CERTALDO.
1566 3507 1637 3518 —
1654 3476 1988 3533 Iucundum
2015 3478 2336 3548 neqocium.

890 3566 1033 3638 Ar9.
1075 3566 1189 3622 Cur
1226 3567 1523 3624 Mediolani
1561 3567 1885 3623 constiterit.
1936 3567 2015 3621 De
2055 3568 2284 3622 vulnere
2312 3568 2463 3639 quod
2491 3567 2660 3623 codex

959 3658 1234 3713 Ciceronis
1272 3659 1331 3714 in
1365 3658 1484 3714 eius
1517 3676 1647 3713 crus
1678 3657 1880 3713 cadens
1911 3657 2191 3712 intulerat.
2222 3657 2302 3712 De
2330 3656 2662 3729 quibusdam

957 3748 1172 3819 magnis
1212 3748 1344 3803 viris
1385 3749 1472 3803 sui
1523 3749 1698 3820 gratia
1753 3747 2063 3805 honorabili
2115 3749 2355 3820 exceptis
2402 3746 2656 3817 hospitio.

955 3837 1036 3891 De
1065 3838 1289 3892 Homeri
1318 3838 1586 3910 poematis
1614 3855 1646 3893 a
1670 3837 1900 3893 Leontio
1928 3839 2094 3893 latine
2122 3836 2434 3893 reddendis

570 3921 669 3993 Ep.
709 3923 798 3978 26.
839 3926 1185 3982 TALARANDO
1216 3927 1725 3983 Eplsc.A1.BANEN.
1751 3927 2084 3982 CAnnmAm.
2105 3926 2312 3980 -Leoe
2330 3922 2658 3992 triumpha-

962 4017 1032 4070 lis
1061 4018 1282 4074 Romoe.

885 4106 1028 4178 Ar9.
1062 4107 1384 4163 Gratulatur
1430 4109 1501 4165 ob
1543 4125 1735 4180 pacem
1784 4125 1850 4164 eo
1896 4111 2223 4180 procurante
2271 4102 2463 4158 initam
2506 4099 2651 4153 inter

956 4211 1112 4265 reges
1140 4196 1443 4251 Galliarum
1475 4202 1527 4251 et
1560 4196 1809 4266 Angliae.·
