3104 4805
1032 365 1337 414 episi-om
1381 365 1464 413 AD
1506 365 1846 415 POSTEROS.
2439 355 2504 413 11

358 512 482 581 sed
534 509 743 580 etiam
803 510 1048 601 patriae
1109 509 1367 579 arctius
1430 509 1870 599 astringeret,
1933 530 2044 578 me
2095 509 2512 579 Canonicum

354 630 619 702 Paduae
671 627 822 698 fieri
870 629 1060 698 fecit:
1102 639 1172 698 et
1222 627 1313 699 ad
1365 648 1712 698 summam
1766 627 1827 697 si
1876 627 2023 697 vita
2066 627 2196 697 sibi
2247 630 2515 719 longior

355 753 631 836 fuisset,
693 750 862 820 mihi
921 751 1179 820 erroris
1239 760 1308 821 et
1370 750 1693 820 itinerum
1759 749 2066 819 omnium
2126 748 2284 820 finis
2341 761 2511 821 erat.

358 874 495 946 Sed
551 873 690 944 heu
750 872 918 943 nihil
979 873 1155 942 inter
1213 874 1540 942 mortales
1602 871 2032 955 diuturnum,
2093 881 2163 941 et
2229 872 2289 941 si
2348 872 2515 962 quid

356 997 558 1068 dulce
599 1017 677 1066 se
713 994 1063 1078 obtulerit,
1109 1015 1348 1065 amaro
1398 1016 1566 1065 mox
1619 993 1755 1063 fine
1803 992 2267 1064 concluditur!
2314 993 2517 1064 Bien-

358 1118 475 1189 nio
514 1138 652 1186 non
688 1115 953 1206 integro
993 1134 1155 1183 eum
1196 1113 1365 1183 mihi
1405 1123 1475 1184 et
1513 1114 1760 1207 patriae
1803 1123 1873 1183 et
1913 1113 2173 1185 mundo
2213 1136 2373 1184 cum
2412 1112 2519 1184 di—

358 1235 692 1320 misisset,
747 1236 935 1305 Deus
988 1233 1295 1319 abstulit,
1346 1257 1486 1326 quo
1534 1256 1666 1306 nec
1714 1257 1870 1326 ego,
1914 1258 2041 1321 nec
2090 1237 2340 1328 patria,
2393 1258 2519 1307 nec

360 1357 665 1428 mundus
721 1356 894 1450 (non
946 1377 1056 1426 me
1104 1357 1275 1424 fallit
1325 1353 1549 1449 amor)
1606 1356 1796 1446 digni
1845 1376 2152 1426 eramus.
2211 1357 2302 1426 Et
2363 1357 2521 1427 licet

362 1477 544 1550 filius
581 1477 714 1548 sibi
749 1477 1165 1549 successerit
1198 1476 1783 1570 prudentissimus
1817 1486 1887 1547 et
1918 1478 2351 1548 clarissimus
2387 1477 2515 1563 vir,

359 1610 430 1671 et
477 1598 597 1689 qui
647 1619 768 1689 per
830 1608 1118 1692 paterna
1169 1597 1469 1689 vestigia
1521 1619 1635 1668 me
1692 1619 1933 1669 carum
1986 1618 2262 1691 semper
2312 1609 2520 1691 atque

361 1720 769 1798 honoratum
808 1718 1073 1803 habuit,
1111 1741 1243 1810 ego
1278 1731 1509 1790 tamen
1546 1720 1663 1790 illo
1705 1721 1965 1791 amisso
1998 1743 2158 1791 cum
2191 1743 2332 1812 quo
2372 1742 2521 1791 ma—

361 1839 473 1931 gis
513 1840 684 1910 mihi
721 1840 1113 1932 praesertim
1153 1842 1242 1912 de
1287 1851 1494 1911 aetate
1540 1851 1990 1927 convenerat,
2046 1841 2217 1913 redii
2270 1863 2518 1912 rursus

362 1965 435 2033 in
469 1965 742 2051 Gallias,
773 1977 960 2039 stare
992 1966 1297 2052 nescius,
1336 1988 1473 2037 non
1513 1975 1656 2035 tam
1697 1963 2043 2036 desiderio
2069 1964 2233 2036 'visa
2272 1962 2519 2034 millies

360 2087 736 2173 revisendi,
775 2112 985 2182 quam
1022 2090 1282 2173 studio,
1321 2110 1512 2161 more
1550 2109 1934 2179 aegrorum,
1972 2085 2101 2158 loci
2142 2085 2519 2156 mutatione

365 2205 593 2279 taediis
635 2210 1034 2282 consulendi
1045 2258 2514 2280 .....................
