<?xml version="1.0" encoding="UTF-8"?>
<!DOCTYPE html PUBLIC "-//W3C//DTD XHTML 1.0 Transitional//EN"
    "http://www.w3.org/TR/xhtml1/DTD/xhtml1-transitional.dtd">
<html xmlns="http://www.w3.org/1999/xhtml" xml:lang="en" lang="en">
 <head>
  <title>
</title>
<meta http-equiv="Content-Type" content="text/html;charset=utf-8" />
  <meta name='ocr-system' content='tesseract 3.04.00' />
  <meta name='ocr-capabilities' content='ocr_page ocr_carea ocr_par ocr_line ocrx_word'/>
</head>
<body>
  <div class='ocr_page' id='page_1' title='image "./epistolaederebu00unkngoog_0224.png"; bbox 0 0 3104 4805; ppageno 0'>
   <div class='ocr_carea' id='block_1_1' title="bbox 552 408 2021 473">
    <p class='ocr_par' dir='ltr' id='par_1_1' title="bbox 552 408 2021 473">
     <span class='ocr_line' id='line_1_1' title="bbox 552 408 2021 473; baseline 0.001 -4"><span class='ocrx_word' id='word_1_1' title='bbox 552 408 629 470; x_wconf 83' lang='lat'><strong>56</strong></span> <span class='ocrx_word' id='word_1_2' title='bbox 1217 421 1299 470; x_wconf 75' lang='lat' dir='ltr'><strong>ns</strong></span> <span class='ocrx_word' id='word_1_3' title='bbox 1338 420 1539 471; x_wconf 63' lang='lat' dir='ltr'><strong>minus</strong></span> <span class='ocrx_word' id='word_1_4' title='bbox 1581 421 2021 473; x_wconf 56' lang='lat' dir='ltr'><strong>minuamus</strong></span> 
     </span>
    </p>
   </div>
   <div class='ocr_carea' id='block_1_2' title="bbox 543 568 2700 2628">
    <p class='ocr_par' dir='ltr' id='par_1_2' title="bbox 543 568 2700 2628">
     <span class='ocr_line' id='line_1_2' title="bbox 551 568 2698 664; baseline 0.001 -22"><span class='ocrx_word' id='word_1_5' title='bbox 551 579 887 664; x_wconf 88' lang='lat' dir='ltr'><strong>quantum</strong></span> <span class='ocrx_word' id='word_1_6' title='bbox 927 570 1023 642; x_wconf 93' lang='lat' dir='ltr'><strong>illi</strong></span> <span class='ocrx_word' id='word_1_7' title='bbox 1057 570 1265 641; x_wconf 80' lang='lat' dir='ltr'>Stoici</span> <span class='ocrx_word' id='word_1_8' title='bbox 1304 569 1637 640; x_wconf 75' lang='lat' dir='ltr'><strong>tribuant:</strong></span> <span class='ocrx_word' id='word_1_9' title='bbox 1675 579 1863 641; x_wconf 91' lang='lat' dir='ltr'><strong>secta</strong></span> <span class='ocrx_word' id='word_1_10' title='bbox 1899 568 2466 662; x_wconf 88' lang='lat' dir='ltr'><strong>pbilosophorum</strong></span> <span class='ocrx_word' id='word_1_11' title='bbox 2502 573 2698 645; x_wconf 86' lang='lat' dir='ltr'><strong>fortis</strong></span> 
     </span>
     <span class='ocr_line' id='line_1_3' title="bbox 546 692 2700 787; baseline 0 -22"><span class='ocrx_word' id='word_1_12' title='bbox 546 705 616 765; x_wconf 90' lang='lat' dir='ltr'><strong>et</strong></span> <span class='ocrx_word' id='word_1_13' title='bbox 647 695 986 778; x_wconf 89' lang='lat' dir='ltr'><strong>mascula,</strong></span> <span class='ocrx_word' id='word_1_14' title='bbox 1025 694 1225 765; x_wconf 90' lang='lat' dir='ltr'><strong>cuius</strong></span> <span class='ocrx_word' id='word_1_15' title='bbox 1260 715 1417 765; x_wconf 92' lang='lat' dir='ltr'><strong>cum</strong></span> <span class='ocrx_word' id='word_1_16' title='bbox 1461 713 1653 786; x_wconf 85' lang='lat' dir='ltr'><strong>saepe</strong></span> <span class='ocrx_word' id='word_1_17' title='bbox 1685 692 1883 777; x_wconf 90' lang='lat' dir='ltr'><strong>alias,</strong></span> <span class='ocrx_word' id='word_1_18' title='bbox 1923 702 2070 763; x_wconf 92' lang='lat' dir='ltr'><strong>tum</strong></span> <span class='ocrx_word' id='word_1_19' title='bbox 2101 693 2174 765; x_wconf 94' lang='lat' dir='ltr'><strong>in</strong></span> <span class='ocrx_word' id='word_1_20' title='bbox 2207 692 2382 765; x_wconf 88' lang='lat' dir='ltr'><strong>libro</strong></span> <span class='ocrx_word' id='word_1_21' title='bbox 2418 693 2515 764; x_wconf 84' lang='lat' dir='ltr'><strong>De</strong></span> <span class='ocrx_word' id='word_1_22' title='bbox 2544 697 2700 787; x_wconf 79' lang='lat' dir='ltr'><strong>fini-</strong></span> 
     </span>
     <span class='ocr_line' id='line_1_4' title="bbox 549 815 2690 908; baseline 0.001 -22"><span class='ocrx_word' id='word_1_23' title='bbox 549 817 666 886; x_wconf 78' lang='lat' dir='ltr'><strong>bus</strong></span> <span class='ocrx_word' id='word_1_24' title='bbox 700 817 933 887; x_wconf 87' lang='lat' dir='ltr'><strong>Cicero</strong></span> <span class='ocrx_word' id='word_1_25' title='bbox 972 824 1209 888; x_wconf 87' lang='lat' dir='ltr'><strong>noster</strong></span> <span class='ocrx_word' id='word_1_26' title='bbox 1234 816 1564 887; x_wconf 85' lang='lat' dir='ltr'><strong>meminit.</strong></span> <span class='ocrx_word' id='word_1_27' title='bbox 1595 815 1748 887; x_wconf 91' lang='lat' dir='ltr'><strong>Scio</strong></span> <span class='ocrx_word' id='word_1_28' title='bbox 1775 815 1964 908; x_wconf 89' lang='lat' dir='ltr'><strong>quod</strong></span> <span class='ocrx_word' id='word_1_29' title='bbox 1988 837 2127 886; x_wconf 95' lang='lat' dir='ltr'><strong>una</strong></span> <span class='ocrx_word' id='word_1_30' title='bbox 2151 815 2532 888; x_wconf 87' lang='lat' dir='ltr'><strong>liberalium</strong></span> <span class='ocrx_word' id='word_1_31' title='bbox 2565 828 2690 903; x_wconf 89' lang='lat' dir='ltr'><strong>est,</strong></span> 
     </span>
     <span class='ocr_line' id='line_1_5' title="bbox 545 938 2693 1043; baseline 0 -34"><span class='ocrx_word' id='word_1_32' title='bbox 545 948 616 1010; x_wconf 92' lang='lat' dir='ltr'><strong>et</strong></span> <span class='ocrx_word' id='word_1_33' title='bbox 665 940 927 1031; x_wconf 90' lang='lat' dir='ltr'><strong>gradus</strong></span> <span class='ocrx_word' id='word_1_34' title='bbox 979 940 1069 1012; x_wconf 85' lang='lat' dir='ltr'><strong>ad</strong></span> <span class='ocrx_word' id='word_1_35' title='bbox 1119 943 1258 1012; x_wconf 87' lang='lat' dir='ltr'><strong>alta</strong></span> <span class='ocrx_word' id='word_1_36' title='bbox 1304 938 1718 1021; x_wconf 84' lang='lat' dir='ltr'><strong>nitentibus3</strong></span> <span class='ocrx_word' id='word_1_37' title='bbox 1772 938 2086 1031; x_wconf 87' lang='lat' dir='ltr'><strong>interque</strong></span> <span class='ocrx_word' id='word_1_38' title='bbox 2133 939 2693 1043; x_wconf 83' lang='lat' dir='ltr'><strong>pbilosophorum</strong></span> 
     </span>
     <span class='ocr_line' id='line_1_6' title="bbox 545 1060 2694 1155; baseline -0.001 -20"><span class='ocrx_word' id='word_1_39' title='bbox 545 1062 827 1135; x_wconf 85' lang='lat' dir='ltr'><strong>dumeta</strong></span> <span class='ocrx_word' id='word_1_40' title='bbox 859 1061 1365 1155; x_wconf 79' lang='lat' dir='ltr'><strong>gradientibus,</strong></span> <span class='ocrx_word' id='word_1_41' title='bbox 1408 1084 1547 1134; x_wconf 90' lang='lat' dir='ltr'><strong>non</strong></span> <span class='ocrx_word' id='word_1_42' title='bbox 1579 1060 1838 1133; x_wconf 90' lang='lat' dir='ltr'><strong>inutilis</strong></span> <span class='ocrx_word' id='word_1_43' title='bbox 1881 1071 2262 1133; x_wconf 89' lang='lat' dir='ltr'><strong>armatura:</strong></span> <span class='ocrx_word' id='word_1_44' title='bbox 2296 1062 2552 1133; x_wconf 85' lang='lat' dir='ltr'><strong>excitat</strong></span> <span class='ocrx_word' id='word_1_45' title='bbox 2588 1061 2694 1132; x_wconf 92' lang='lat' dir='ltr'><strong>in-</strong></span> 
     </span>
     <span class='ocr_line' id='line_1_7' title="bbox 547 1183 2685 1276; baseline 0 -21"><span class='ocrx_word' id='word_1_46' title='bbox 547 1184 916 1270; x_wconf 84' lang='lat' dir='ltr'><strong>tellectum,</strong></span> <span class='ocrx_word' id='word_1_47' title='bbox 956 1183 1184 1276; x_wconf 89' lang='lat' dir='ltr'><strong>signat</strong></span> <span class='ocrx_word' id='word_1_48' title='bbox 1228 1183 1378 1258; x_wconf 89' lang='lat' dir='ltr'><strong>veri</strong></span> <span class='ocrx_word' id='word_1_49' title='bbox 1425 1183 1667 1271; x_wconf 84' lang='lat' dir='ltr'><strong>viam,&#39;</strong></span> <span class='ocrx_word' id='word_1_50' title='bbox 1700 1193 2042 1256; x_wconf 88' lang='lat' dir='ltr'><strong>monstrat</strong></span> <span class='ocrx_word' id='word_1_51' title='bbox 2087 1185 2306 1257; x_wconf 90' lang='lat' dir='ltr'><strong>vitare</strong></span> <span class='ocrx_word' id='word_1_52' title='bbox 2353 1185 2685 1271; x_wconf 42' lang='lat' dir='ltr'><strong>fallacia‘S,</strong></span> 
     </span>
     <span class='ocr_line' id='line_1_8' title="bbox 546 1306 2686 1401; baseline -0.001 -23"><span class='ocrx_word' id='word_1_53' title='bbox 546 1307 866 1400; x_wconf 87' lang='lat' dir='ltr'><strong>denique,</strong></span> <span class='ocrx_word' id='word_1_54' title='bbox 911 1307 972 1378; x_wconf 92' lang='lat' dir='ltr'><strong>si</strong></span> <span class='ocrx_word' id='word_1_55' title='bbox 1009 1307 1180 1378; x_wconf 92' lang='lat' dir='ltr'><strong>nihil</strong></span> <span class='ocrx_word' id='word_1_56' title='bbox 1214 1306 1430 1392; x_wconf 90' lang='lat' dir='ltr'><strong>aliud,</strong></span> <span class='ocrx_word' id='word_1_57' title='bbox 1475 1315 1831 1401; x_wconf 89' lang='lat' dir='ltr'><strong>promptos</strong></span> <span class='ocrx_word' id='word_1_58' title='bbox 1870 1316 1942 1378; x_wconf 88' lang='lat' dir='ltr'><strong>et</strong></span> <span class='ocrx_word' id='word_1_59' title='bbox 1989 1308 2468 1401; x_wconf 88' lang='lat' dir='ltr'><strong>perargutulos</strong></span> <span class='ocrx_word' id='word_1_60' title='bbox 2510 1306 2686 1378; x_wconf 87' lang='lat' dir='ltr'><strong>facit.</strong></span> 
     </span>
     <span class='ocr_line' id='line_1_9' title="bbox 546 1428 2688 1522; baseline -0 -21"><span class='ocrx_word' id='word_1_61' title='bbox 546 1430 825 1503; x_wconf 85' lang='lat' dir='ltr'><strong>Hocita</strong></span> <span class='ocrx_word' id='word_1_62' title='bbox 858 1451 1021 1501; x_wconf 90' lang='lat' dir='ltr'><strong>esse</strong></span> <span class='ocrx_word' id='word_1_63' title='bbox 1058 1452 1199 1501; x_wconf 90' lang='lat' dir='ltr'><strong>non</strong></span> <span class='ocrx_word' id='word_1_64' title='bbox 1248 1428 1539 1513; x_wconf 85' lang='lat' dir='ltr'><strong>inficior;</strong></span> <span class='ocrx_word' id='word_1_65' title='bbox 1578 1430 1703 1501; x_wconf 89' lang='lat' dir='ltr'><strong>sed</strong></span> <span class='ocrx_word' id='word_1_66' title='bbox 1740 1453 1881 1502; x_wconf 93' lang='lat' dir='ltr'><strong>non</strong></span> <span class='ocrx_word' id='word_1_67' title='bbox 1932 1430 2164 1502; x_wconf 89' lang='lat' dir='ltr'><strong>statim</strong></span> <span class='ocrx_word' id='word_1_68' title='bbox 2212 1452 2351 1522; x_wconf 91' lang='lat' dir='ltr'><strong>qua</strong></span> <span class='ocrx_word' id='word_1_69' title='bbox 2397 1429 2688 1500; x_wconf 77' lang='lat' dir='ltr'><strong>honeste</strong></span> 
     </span>
     <span class='ocr_line' id='line_1_10' title="bbox 546 1549 2685 1647; baseline -0.002 -21"><span class='ocrx_word' id='word_1_70' title='bbox 546 1556 948 1640; x_wconf 84' lang='lat' dir='ltr'><strong>transimuS‚</strong></span> <span class='ocrx_word' id='word_1_71' title='bbox 992 1553 1428 1626; x_wconf 79' lang='lat' dir='ltr'><strong>laudabiliter</strong></span> <span class='ocrx_word' id='word_1_72' title='bbox 1467 1554 1934 1647; x_wconf 85' lang='lat' dir='ltr'><strong>immoramur.</strong></span> <span class='ocrx_word' id='word_1_73' title='bbox 1986 1552 2164 1635; x_wconf 89' lang='lat' dir='ltr'><strong>Quin</strong></span> <span class='ocrx_word' id='word_1_74' title='bbox 2213 1553 2350 1624; x_wconf 95' lang='lat' dir='ltr'><strong>imo</strong></span> <span class='ocrx_word' id='word_1_75' title='bbox 2397 1549 2685 1624; x_wconf 80' lang='lat' dir='ltr'><strong>viatoris</strong></span> 
     </span>
     <span class='ocr_line' id='line_1_11' title="bbox 546 1676 2681 1768; baseline -0.002 -21"><span class='ocrx_word' id='word_1_76' title='bbox 546 1678 772 1748; x_wconf 92' lang='lat' dir='ltr'><strong>insani</strong></span> <span class='ocrx_word' id='word_1_77' title='bbox 794 1686 904 1748; x_wconf 91' lang='lat' dir='ltr'><strong>est</strong></span> <span class='ocrx_word' id='word_1_78' title='bbox 926 1677 1320 1750; x_wconf 85' lang='lat' dir='ltr'><strong>amoenitate</strong></span> <span class='ocrx_word' id='word_1_79' title='bbox 1346 1676 1614 1748; x_wconf 90' lang='lat' dir='ltr'><strong>viarum</strong></span> <span class='ocrx_word' id='word_1_80' title='bbox 1643 1685 1919 1761; x_wconf 89' lang='lat' dir='ltr'><strong>metam,</strong></span> <span class='ocrx_word' id='word_1_81' title='bbox 1948 1699 2157 1768; x_wconf 89' lang='lat' dir='ltr'><strong>quam</strong></span> <span class='ocrx_word' id='word_1_82' title='bbox 2195 1676 2681 1760; x_wconf 89' lang='lat' dir='ltr'><strong>destinaverat,</strong></span> 
     </span>
     <span class='ocr_line' id='line_1_12' title="bbox 545 1797 2691 1890; baseline -0 -21"><span class='ocrx_word' id='word_1_83' title='bbox 545 1798 881 1870; x_wconf 91' lang='lat' dir='ltr'><strong>oblivisci.</strong></span> <span class='ocrx_word' id='word_1_84' title='bbox 923 1799 1140 1872; x_wconf 85' lang='lat' dir='ltr'><strong>Multa</strong></span> <span class='ocrx_word' id='word_1_85' title='bbox 1177 1798 1312 1870; x_wconf 89' lang='lat' dir='ltr'><strong>cito</strong></span> <span class='ocrx_word' id='word_1_86' title='bbox 1354 1797 1744 1882; x_wconf 86' lang='lat' dir='ltr'><strong>transiisse,</strong></span> <span class='ocrx_word' id='word_1_87' title='bbox 1786 1809 1856 1869; x_wconf 91' lang='lat' dir='ltr'><strong>et</strong></span> <span class='ocrx_word' id='word_1_88' title='bbox 1895 1820 2237 1890; x_wconf 86' lang='lat' dir='ltr'><strong>nusquam</strong></span> <span class='ocrx_word' id='word_1_89' title='bbox 2266 1798 2437 1870; x_wconf 88' lang='lat' dir='ltr'><strong>citra</strong></span> <span class='ocrx_word' id='word_1_90' title='bbox 2460 1799 2691 1871; x_wconf 89' lang='lat' dir='ltr'><strong>termi-</strong></span> 
     </span>
     <span class='ocr_line' id='line_1_13' title="bbox 546 1920 2692 2013; baseline 0 -20"><span class='ocrx_word' id='word_1_91' title='bbox 546 1945 712 1994; x_wconf 92' lang='lat' dir='ltr'><strong>num</strong></span> <span class='ocrx_word' id='word_1_92' title='bbox 753 1921 1150 1995; x_wconf 85' lang='lat' dir='ltr'><strong>substitisse</strong></span> <span class='ocrx_word' id='word_1_93' title='bbox 1187 1922 1471 1994; x_wconf 85' lang='lat' dir='ltr'><strong>viatoris</strong></span> <span class='ocrx_word' id='word_1_94' title='bbox 1510 1921 1664 1994; x_wconf 89' lang='lat' dir='ltr'><strong>laus</strong></span> <span class='ocrx_word' id='word_1_95' title='bbox 1703 1929 1832 1991; x_wconf 91' lang='lat' dir='ltr'><strong>est.</strong></span> <span class='ocrx_word' id='word_1_96' title='bbox 1866 1921 1955 1991; x_wconf 90' lang='lat' dir='ltr'><strong>Et</strong></span> <span class='ocrx_word' id='word_1_97' title='bbox 1992 1921 2150 2013; x_wconf 91' lang='lat' dir='ltr'><strong>quis</strong></span> <span class='ocrx_word' id='word_1_98' title='bbox 2189 1943 2328 1993; x_wconf 90' lang='lat' dir='ltr'><strong>non</strong></span> <span class='ocrx_word' id='word_1_99' title='bbox 2352 1920 2578 1994; x_wconf 86' lang='lat' dir='ltr'><strong>viator</strong></span> <span class='ocrx_word' id='word_1_100' title='bbox 2598 1944 2692 1995; x_wconf 81' lang='lat' dir='ltr'><strong>ex</strong></span> 
     </span>
     <span class='ocr_line' id='line_1_14' title="bbox 546 2045 2689 2139; baseline -0 -23"><span class='ocrx_word' id='word_1_101' title='bbox 546 2045 745 2118; x_wconf 93' lang='lat' dir='ltr'><strong>nobis</strong></span> <span class='ocrx_word' id='word_1_102' title='bbox 784 2050 931 2119; x_wconf 72' lang='lat' dir='ltr'><strong>est?</strong></span> <span class='ocrx_word' id='word_1_103' title='bbox 969 2048 1176 2119; x_wconf 87' lang='lat' dir='ltr'><strong>Brevi</strong></span> <span class='ocrx_word' id='word_1_104' title='bbox 1213 2066 1453 2117; x_wconf 91' lang='lat' dir='ltr'><strong>omnes</strong></span> <span class='ocrx_word' id='word_1_105' title='bbox 1504 2045 1940 2138; x_wconf 87' lang='lat' dir='ltr'><strong>adversoque</strong></span> <span class='ocrx_word' id='word_1_106' title='bbox 1991 2055 2297 2139; x_wconf 79' lang='lat' dir='ltr'><strong>tempore</strong></span> <span class='ocrx_word' id='word_1_107' title='bbox 2344 2056 2689 2139; x_wconf 87' lang='lat' dir='ltr'><strong>tamquam</strong></span> 
     </span>
     <span class='ocr_line' id='line_1_15' title="bbox 547 2166 2686 2262; baseline -0.001 -22"><span class='ocrx_word' id='word_1_108' title='bbox 547 2167 833 2242; x_wconf 91' lang='lat' dir='ltr'><strong>hiberno</strong></span> <span class='ocrx_word' id='word_1_109' title='bbox 866 2168 1288 2262; x_wconf 83' lang='lat' dir='ltr'><strong>pluvialique</strong></span> <span class='ocrx_word' id='word_1_110' title='bbox 1327 2166 1438 2236; x_wconf 86' lang='lat' dir='ltr'><strong>die</strong></span> <span class='ocrx_word' id='word_1_111' title='bbox 1477 2168 1762 2258; x_wconf 89' lang='lat' dir='ltr'><strong>longum</strong></span> <span class='ocrx_word' id='word_1_112' title='bbox 1797 2190 1879 2239; x_wconf 92' lang='lat' dir='ltr'><strong>ac</strong></span> <span class='ocrx_word' id='word_1_113' title='bbox 1916 2166 2191 2240; x_wconf 88' lang='lat' dir='ltr'><strong>difficile</strong></span> <span class='ocrx_word' id='word_1_114' title='bbox 2230 2166 2358 2238; x_wconf 85' lang='lat' dir='ltr'><strong>iter</strong></span> <span class='ocrx_word' id='word_1_115' title='bbox 2382 2168 2686 2259; x_wconf 89' lang='lat' dir='ltr'><strong>agimus;</strong></span> 
     </span>
     <span class='ocr_line' id='line_1_16' title="bbox 543 2291 2688 2383; baseline -0.002 -17"><span class='ocrx_word' id='word_1_116' title='bbox 543 2295 741 2366; x_wconf 90' lang='lat' dir='ltr'><strong>cuius</strong></span> <span class='ocrx_word' id='word_1_117' title='bbox 781 2291 1133 2364; x_wconf 85' lang='lat' dir='ltr'><strong>dialectica</strong></span> <span class='ocrx_word' id='word_1_118' title='bbox 1172 2310 1337 2382; x_wconf 90' lang='lat' dir='ltr'><strong>pars</strong></span> <span class='ocrx_word' id='word_1_119' title='bbox 1370 2309 1529 2360; x_wconf 89' lang='lat' dir='ltr'><strong>esse</strong></span> <span class='ocrx_word' id='word_1_120' title='bbox 1578 2299 1830 2381; x_wconf 90' lang='lat' dir='ltr'><strong>potest,</strong></span> <span class='ocrx_word' id='word_1_121' title='bbox 1883 2291 2122 2383; x_wconf 89' lang='lat' dir='ltr'><strong>utique</strong></span> <span class='ocrx_word' id='word_1_122' title='bbox 2170 2291 2501 2363; x_wconf 89' lang='lat' dir='ltr'><strong>terminus</strong></span> <span class='ocrx_word' id='word_1_123' title='bbox 2549 2312 2688 2362; x_wconf 94' lang='lat' dir='ltr'><strong>non</strong></span> 
     </span>
     <span class='ocr_line' id='line_1_17' title="bbox 543 2390 2691 2507; baseline -0.003 -17"><span class='ocrx_word' id='word_1_124' title='bbox 543 2429 682 2490; x_wconf 92' lang='lat' dir='ltr'><strong>est:</strong></span> <span class='ocrx_word' id='word_1_125' title='bbox 723 2427 793 2488; x_wconf 90' lang='lat' dir='ltr'><strong>et</strong></span> <span class='ocrx_word' id='word_1_126' title='bbox 830 2424 1056 2507; x_wconf 92' lang='lat' dir='ltr'><strong>potest</strong></span> <span class='ocrx_word' id='word_1_127' title='bbox 1093 2432 1255 2506; x_wconf 87' lang='lat' dir='ltr'><strong>pars</strong></span> <span class='ocrx_word' id='word_1_128' title='bbox 1296 2433 1457 2492; x_wconf 89' lang='lat' dir='ltr'><strong>esse</strong></span> <span class='ocrx_word' id='word_1_129' title='bbox 1494 2390 1864 2497; x_wconf 88' lang='lat' dir='ltr'><strong>matutina,</strong></span> <span class='ocrx_word' id='word_1_130' title='bbox 1908 2433 2045 2483; x_wconf 93' lang='lat' dir='ltr'><strong>non</strong></span> <span class='ocrx_word' id='word_1_131' title='bbox 2100 2413 2420 2485; x_wconf 89' lang='lat' dir='ltr'><strong>serotina.</strong></span> <span class='ocrx_word' id='word_1_132' title='bbox 2470 2414 2691 2484; x_wconf 91' lang='lat' dir='ltr'><strong>Pluri-</strong></span> 
     </span>
     <span class='ocr_line' id='line_1_18' title="bbox 545 2533 2685 2628; baseline -0.001 -18"><span class='ocrx_word' id='word_1_133' title='bbox 545 2560 659 2611; x_wconf 87' lang='lat' dir='ltr'><strong>ma</strong></span> <span class='ocrx_word' id='word_1_134' title='bbox 693 2536 972 2628; x_wconf 89' lang='lat' dir='ltr'><strong>quidem</strong></span> <span class='ocrx_word' id='word_1_135' title='bbox 1012 2534 1300 2605; x_wconf 91' lang='lat' dir='ltr'><strong>honeste</strong></span> <span class='ocrx_word' id='word_1_136' title='bbox 1331 2533 1646 2619; x_wconf 84' lang='lat' dir='ltr'><strong>fecimus,</strong></span> <span class='ocrx_word' id='word_1_137' title='bbox 1676 2555 1838 2626; x_wconf 80' lang='lat' dir='ltr'><strong>quae</strong></span> <span class='ocrx_word' id='word_1_138' title='bbox 1863 2533 2262 2627; x_wconf 87' lang='lat' dir='ltr'><strong>turpissime</strong></span> <span class='ocrx_word' id='word_1_139' title='bbox 2285 2537 2685 2608; x_wconf 82' lang='lat' dir='ltr'><strong>faceremus.</strong></span> 
     </span>
    </p>
   </div>
   <div class='ocr_carea' id='block_1_3' title="bbox 411 2655 2682 2749">
    <p class='ocr_par' dir='ltr' id='par_1_3' title="bbox 411 2655 2682 2749">
     <span class='ocr_line' id='line_1_19' title="bbox 411 2655 2682 2749; baseline 0.002 -24"><span class='ocrx_word' id='word_1_140' title='bbox 411 2709 428 2725; x_wconf 87' lang='lat'><strong>.</strong></span> <span class='ocrx_word' id='word_1_141' title='bbox 544 2659 614 2730; x_wconf 92' lang='lat' dir='ltr'><strong>Si</strong></span> <span class='ocrx_word' id='word_1_142' title='bbox 653 2657 835 2728; x_wconf 90' lang='lat' dir='ltr'><strong>enim</strong></span> <span class='ocrx_word' id='word_1_143' title='bbox 876 2656 1252 2728; x_wconf 84' lang='lat' dir='ltr'><strong>dialecticae</strong></span> <span class='ocrx_word' id='word_1_144' title='bbox 1294 2656 1595 2741; x_wconf 83' lang='lat' dir='ltr'><strong>scholaS,</strong></span> <span class='ocrx_word' id='word_1_145' title='bbox 1640 2655 1829 2749; x_wconf 89' lang='lat' dir='ltr'><strong>quod</strong></span> <span class='ocrx_word' id='word_1_146' title='bbox 1867 2657 1936 2725; x_wconf 93' lang='lat' dir='ltr'><strong>in</strong></span> <span class='ocrx_word' id='word_1_147' title='bbox 1974 2655 2076 2726; x_wconf 92' lang='lat' dir='ltr'><strong>eis</strong></span> <span class='ocrx_word' id='word_1_148' title='bbox 2120 2658 2313 2748; x_wconf 90' lang='lat' dir='ltr'><strong>pueri</strong></span> <span class='ocrx_word' id='word_1_149' title='bbox 2364 2658 2682 2743; x_wconf 82' lang='lat' dir='ltr'><strong>lusimuS‚</strong></span> 
     </span>
    </p>
   </div>
   <div class='ocr_carea' id='block_1_4' title="bbox 544 2775 2689 4342">
    <p class='ocr_par' dir='ltr' id='par_1_4' title="bbox 544 2775 2689 4342">
     <span class='ocr_line' id='line_1_20' title="bbox 546 2775 2689 2871; baseline -0.002 -21"><span class='ocrx_word' id='word_1_150' title='bbox 546 2800 747 2850; x_wconf 89' lang='lat' dir='ltr'><strong>senes</strong></span> <span class='ocrx_word' id='word_1_151' title='bbox 789 2777 1174 2871; x_wconf 88' lang='lat' dir='ltr'><strong>relinquere</strong></span> <span class='ocrx_word' id='word_1_152' title='bbox 1213 2777 1589 2861; x_wconf 86' lang='lat' dir='ltr'><strong>nescimuS‚</strong></span> <span class='ocrx_word' id='word_1_153' title='bbox 1632 2775 1879 2847; x_wconf 90' lang='lat' dir='ltr'><strong>eodem</strong></span> <span class='ocrx_word' id='word_1_154' title='bbox 1919 2777 2067 2846; x_wconf 91' lang='lat' dir='ltr'><strong>iure</strong></span> <span class='ocrx_word' id='word_1_155' title='bbox 2117 2798 2244 2847; x_wconf 90' lang='lat' dir='ltr'><strong>nec</strong></span> <span class='ocrx_word' id='word_1_156' title='bbox 2293 2798 2418 2869; x_wconf 90' lang='lat' dir='ltr'><strong>par</strong></span> <span class='ocrx_word' id='word_1_157' title='bbox 2465 2777 2689 2869; x_wconf 88' lang='lat' dir='ltr'><strong>impar</strong></span> 
     </span>
     <span class='ocr_line' id='line_1_21' title="bbox 545 2897 2687 2990; baseline -0.003 -18"><span class='ocrx_word' id='word_1_158' title='bbox 545 2902 804 2988; x_wconf 90' lang='lat' dir='ltr'><strong>ludere,</strong></span> <span class='ocrx_word' id='word_1_159' title='bbox 848 2924 974 2973; x_wconf 91' lang='lat' dir='ltr'><strong>nec</strong></span> <span class='ocrx_word' id='word_1_160' title='bbox 1013 2900 1348 2973; x_wconf 92' lang='lat' dir='ltr'><strong>arundine</strong></span> <span class='ocrx_word' id='word_1_161' title='bbox 1387 2900 1680 2970; x_wconf 91' lang='lat' dir='ltr'><strong>tremula</strong></span> <span class='ocrx_word' id='word_1_162' title='bbox 1714 2899 2025 2990; x_wconf 90' lang='lat' dir='ltr'><strong>equitare</strong></span> <span class='ocrx_word' id='word_1_163' title='bbox 2056 2897 2336 2988; x_wconf 90' lang='lat' dir='ltr'><strong>pudeat,</strong></span> <span class='ocrx_word' id='word_1_164' title='bbox 2374 2917 2501 2967; x_wconf 88' lang='lat' dir='ltr'><strong>nec</strong></span> <span class='ocrx_word' id='word_1_165' title='bbox 2533 2917 2687 2968; x_wconf 86' lang='lat' dir='ltr'><strong>rur-</strong></span> 
     </span>
     <span class='ocr_line' id='line_1_22' title="bbox 547 3018 2686 3113; baseline -0.003 -17"><span class='ocrx_word' id='word_1_166' title='bbox 547 3046 671 3096; x_wconf 90' lang='lat' dir='ltr'><strong>sus</strong></span> <span class='ocrx_word' id='word_1_167' title='bbox 712 3024 907 3096; x_wconf 92' lang='lat' dir='ltr'><strong>cunis</strong></span> <span class='ocrx_word' id='word_1_168' title='bbox 943 3021 1362 3095; x_wconf 86' lang='lat' dir='ltr'><strong>infantilibus</strong></span> <span class='ocrx_word' id='word_1_169' title='bbox 1397 3019 1662 3113; x_wconf 89' lang='lat' dir='ltr'><strong>agitari.</strong></span> <span class='ocrx_word' id='word_1_170' title='bbox 1705 3021 1881 3090; x_wconf 91' lang='lat' dir='ltr'><strong>Sunt</strong></span> <span class='ocrx_word' id='word_1_171' title='bbox 1917 3019 2114 3089; x_wconf 85' lang='lat' dir='ltr'><strong>mirae</strong></span> <span class='ocrx_word' id='word_1_172' title='bbox 2163 3018 2527 3090; x_wconf 84' lang='lat' dir='ltr'><strong>varietates</strong></span> <span class='ocrx_word' id='word_1_173' title='bbox 2578 3040 2686 3089; x_wconf 91' lang='lat' dir='ltr'><strong>re-</strong></span> 
     </span>
     <span class='ocr_line' id='line_1_23' title="bbox 547 3146 2683 3237; baseline -0.004 -19"><span class='ocrx_word' id='word_1_174' title='bbox 547 3171 701 3218; x_wconf 88' lang='lat' dir='ltr'><strong>rum</strong></span> <span class='ocrx_word' id='word_1_175' title='bbox 743 3169 825 3218; x_wconf 89' lang='lat' dir='ltr'><strong>ac</strong></span> <span class='ocrx_word' id='word_1_176' title='bbox 854 3146 1368 3218; x_wconf 82' lang='lat' dir='ltr'><strong>vicissitudines</strong></span> <span class='ocrx_word' id='word_1_177' title='bbox 1395 3154 1810 3237; x_wconf 79' lang='lat' dir='ltr'><strong>temporum,</strong></span> <span class='ocrx_word' id='word_1_178' title='bbox 1841 3162 2017 3236; x_wconf 90' lang='lat' dir='ltr'><strong>quas</strong></span> <span class='ocrx_word' id='word_1_179' title='bbox 2044 3161 2410 3212; x_wconf 88' lang='lat' dir='ltr'><strong>occurrens</strong></span> <span class='ocrx_word' id='word_1_180' title='bbox 2435 3149 2683 3212; x_wconf 89' lang='lat' dir='ltr'><strong>natura</strong></span> 
     </span>
     <span class='ocr_line' id='line_1_24' title="bbox 544 3264 2685 3360; baseline -0.003 -20"><span class='ocrx_word' id='word_1_181' title='bbox 544 3268 843 3353; x_wconf 83' lang='lat' dir='ltr'><strong>fastidio,</strong></span> <span class='ocrx_word' id='word_1_182' title='bbox 888 3266 1422 3360; x_wconf 88' lang='lat' dir='ltr'><strong>vigilantissimo</strong></span> <span class='ocrx_word' id='word_1_183' title='bbox 1463 3264 1775 3352; x_wconf 81' lang='lat' dir='ltr'><strong>artificiO,</strong></span> <span class='ocrx_word' id='word_1_184' title='bbox 1821 3264 2159 3337; x_wconf 89' lang='lat' dir='ltr'><strong>medicata</strong></span> <span class='ocrx_word' id='word_1_185' title='bbox 2194 3272 2341 3335; x_wconf 90' lang='lat' dir='ltr'><strong>est:</strong></span> <span class='ocrx_word' id='word_1_186' title='bbox 2381 3285 2505 3335; x_wconf 89' lang='lat' dir='ltr'><strong>eas</strong></span> <span class='ocrx_word' id='word_1_187' title='bbox 2545 3286 2685 3336; x_wconf 91' lang='lat' dir='ltr'><strong>non</strong></span> 
     </span>
     <span class='ocr_line' id='line_1_25' title="bbox 546 3386 2689 3487; baseline -0.004 -23"><span class='ocrx_word' id='word_1_188' title='bbox 546 3402 745 3487; x_wconf 90' lang='lat' dir='ltr'><strong>putes</strong></span> <span class='ocrx_word' id='word_1_189' title='bbox 786 3390 856 3461; x_wconf 92' lang='lat' dir='ltr'><strong>in</strong></span> <span class='ocrx_word' id='word_1_190' title='bbox 891 3390 1051 3461; x_wconf 91' lang='lat' dir='ltr'><strong>anni</strong></span> <span class='ocrx_word' id='word_1_191' title='bbox 1090 3398 1355 3461; x_wconf 90' lang='lat' dir='ltr'><strong>tantum</strong></span> <span class='ocrx_word' id='word_1_192' title='bbox 1387 3387 1670 3475; x_wconf 86' lang='lat' dir='ltr'><strong>circu10,</strong></span> <span class='ocrx_word' id='word_1_193' title='bbox 1717 3386 1841 3461; x_wconf 90' lang='lat' dir='ltr'><strong>sed</strong></span> <span class='ocrx_word' id='word_1_194' title='bbox 1874 3389 2091 3459; x_wconf 92' lang='lat' dir='ltr'><strong>multo</strong></span> <span class='ocrx_word' id='word_1_195' title='bbox 2122 3387 2344 3478; x_wconf 89' lang='lat' dir='ltr'><strong>magis</strong></span> <span class='ocrx_word' id='word_1_196' title='bbox 2376 3386 2448 3456; x_wconf 94' lang='lat' dir='ltr'><strong>in</strong></span> <span class='ocrx_word' id='word_1_197' title='bbox 2480 3388 2689 3477; x_wconf 88' lang='lat' dir='ltr'><strong>longa</strong></span> 
     </span>
     <span class='ocr_line' id='line_1_26' title="bbox 547 3508 2687 3607; baseline -0.005 -18"><span class='ocrx_word' id='word_1_198' title='bbox 547 3527 749 3589; x_wconf 85' lang='lat' dir='ltr'><strong>aetate</strong></span> <span class='ocrx_word' id='word_1_199' title='bbox 798 3512 1100 3607; x_wconf 86' lang='lat' dir='ltr'><strong>reperiri.</strong></span> <span class='ocrx_word' id='word_1_200' title='bbox 1149 3513 1290 3584; x_wconf 86' lang='lat' dir='ltr'><strong>Ver</strong></span> <span class='ocrx_word' id='word_1_201' title='bbox 1336 3510 1626 3584; x_wconf 89' lang='lat' dir='ltr'><strong>floribus</strong></span> <span class='ocrx_word' id='word_1_202' title='bbox 1675 3521 1747 3583; x_wconf 89' lang='lat' dir='ltr'><strong>et</strong></span> <span class='ocrx_word' id='word_1_203' title='bbox 1792 3511 2117 3583; x_wconf 90' lang='lat' dir='ltr'><strong>arborum</strong></span> <span class='ocrx_word' id='word_1_204' title='bbox 2167 3508 2412 3595; x_wconf 89' lang='lat' dir='ltr'><strong>comis,</strong></span> <span class='ocrx_word' id='word_1_205' title='bbox 2473 3516 2687 3579; x_wconf 86' lang='lat' dir='ltr'><strong>aestas</strong></span> 
     </span>
     <span class='ocr_line' id='line_1_27' title="bbox 544 3628 2686 3731; baseline -0.004 -21"><span class='ocrx_word' id='word_1_206' title='bbox 544 3638 862 3731; x_wconf 82' lang='lat' dir='ltr'><strong>frugibus</strong></span> <span class='ocrx_word' id='word_1_207' title='bbox 913 3635 1113 3709; x_wconf 85' lang='lat' dir='ltr'><strong>dives</strong></span> <span class='ocrx_word' id='word_1_208' title='bbox 1162 3644 1298 3720; x_wconf 89' lang='lat' dir='ltr'><strong>est,</strong></span> <span class='ocrx_word' id='word_1_209' title='bbox 1354 3643 1729 3705; x_wconf 91' lang='lat' dir='ltr'><strong>autumnus</strong></span> <span class='ocrx_word' id='word_1_210' title='bbox 1790 3633 2043 3727; x_wconf 91' lang='lat' dir='ltr'><strong>pomis,</strong></span> <span class='ocrx_word' id='word_1_211' title='bbox 2110 3631 2357 3728; x_wconf 81' lang='lat' dir='ltr'><strong>hyems</strong></span> <span class='ocrx_word' id='word_1_212' title='bbox 2407 3628 2686 3703; x_wconf 89' lang='lat' dir='ltr'><strong>nivibus</strong></span> 
     </span>
     <span class='ocr_line' id='line_1_28' title="bbox 545 3753 2682 3844; baseline -0.004 -12"><span class='ocrx_word' id='word_1_213' title='bbox 545 3760 871 3833; x_wconf 90' lang='lat' dir='ltr'><strong>abundat.</strong></span> <span class='ocrx_word' id='word_1_214' title='bbox 912 3761 1080 3831; x_wconf 82' lang='lat' dir='ltr'><strong>Haec</strong></span> <span class='ocrx_word' id='word_1_215' title='bbox 1118 3756 1323 3829; x_wconf 92' lang='lat' dir='ltr'><strong>modo</strong></span> <span class='ocrx_word' id='word_1_216' title='bbox 1362 3779 1500 3828; x_wconf 90' lang='lat' dir='ltr'><strong>non</strong></span> <span class='ocrx_word' id='word_1_217' title='bbox 1541 3765 1806 3828; x_wconf 89' lang='lat' dir='ltr'><strong>tantum</strong></span> <span class='ocrx_word' id='word_1_218' title='bbox 1856 3753 2235 3828; x_wconf 90' lang='lat' dir='ltr'><strong>tolerabilia</strong></span> <span class='ocrx_word' id='word_1_219' title='bbox 2281 3753 2405 3826; x_wconf 92' lang='lat' dir='ltr'><strong>sed</strong></span> <span class='ocrx_word' id='word_1_220' title='bbox 2462 3762 2682 3844; x_wconf 88' lang='lat' dir='ltr'><strong>grata,</strong></span> 
     </span>
     <span class='ocr_line' id='line_1_29' title="bbox 548 3875 2687 3971; baseline -0.004 -20"><span class='ocrx_word' id='word_1_221' title='bbox 548 3880 609 3951; x_wconf 92' lang='lat' dir='ltr'><strong>si</strong></span> <span class='ocrx_word' id='word_1_222' title='bbox 642 3891 1143 3971; x_wconf 88' lang='lat' dir='ltr'><strong>pervertantur,</strong></span> <span class='ocrx_word' id='word_1_223' title='bbox 1181 3877 1367 3965; x_wconf 90' lang='lat' dir='ltr'><strong>fient,</strong></span> <span class='ocrx_word' id='word_1_224' title='bbox 1405 3879 1763 3950; x_wconf 83' lang='lat' dir='ltr'><strong>concussis</strong></span> <span class='ocrx_word' id='word_1_225' title='bbox 1796 3887 2065 3950; x_wconf 84' lang='lat' dir='ltr'><strong>naturae</strong></span> <span class='ocrx_word' id='word_1_226' title='bbox 2097 3875 2397 3968; x_wconf 83' lang='lat' dir='ltr'><strong>legibuS,</strong></span> <span class='ocrx_word' id='word_1_227' title='bbox 2432 3875 2687 3967; x_wconf 90' lang='lat' dir='ltr'><strong>impor-</strong></span> 
     </span>
     <span class='ocr_line' id='line_1_30' title="bbox 550 3994 2685 4098; baseline -0.004 -28"><span class='ocrx_word' id='word_1_228' title='bbox 550 4010 753 4071; x_wconf 88' lang='lat' dir='ltr'><strong>tuna:</strong></span> <span class='ocrx_word' id='word_1_229' title='bbox 796 4011 868 4071; x_wconf 91' lang='lat' dir='ltr'><strong>et</strong></span> <span class='ocrx_word' id='word_1_230' title='bbox 904 4025 1105 4075; x_wconf 91' lang='lat' dir='ltr'><strong>nemo</strong></span> <span class='ocrx_word' id='word_1_231' title='bbox 1142 4003 1301 4088; x_wconf 88' lang='lat' dir='ltr'><strong>erit,</strong></span> <span class='ocrx_word' id='word_1_232' title='bbox 1346 4002 1465 4094; x_wconf 83' lang='lat' dir='ltr'><strong>qui</strong></span> <span class='ocrx_word' id='word_1_233' title='bbox 1504 4004 1619 4074; x_wconf 86' lang='lat' dir='ltr'><strong>vel</strong></span> <span class='ocrx_word' id='word_1_234' title='bbox 1654 4002 1926 4098; x_wconf 77' lang='lat' dir='ltr'><strong>hyemis</strong></span> <span class='ocrx_word' id='word_1_235' title='bbox 1962 4001 2247 4093; x_wconf 82' lang='lat' dir='ltr'><strong>glaciem</strong></span> <span class='ocrx_word' id='word_1_236' title='bbox 2287 4018 2491 4089; x_wconf 86' lang='lat' dir='ltr'><strong>aequo</strong></span> <span class='ocrx_word' id='word_1_237' title='bbox 2537 3994 2685 4064; x_wconf 91' lang='lat' dir='ltr'><strong>ani-</strong></span> 
     </span>
     <span class='ocr_line' id='line_1_31' title="bbox 546 4119 2683 4218; baseline -0.005 -24"><span class='ocrx_word' id='word_1_238' title='bbox 546 4145 660 4194; x_wconf 91' lang='lat' dir='ltr'><strong>mo</strong></span> <span class='ocrx_word' id='word_1_239' title='bbox 694 4145 816 4217; x_wconf 89' lang='lat' dir='ltr'><strong>per</strong></span> <span class='ocrx_word' id='word_1_240' title='bbox 854 4133 1165 4195; x_wconf 79' lang='lat' dir='ltr'><strong>aestatem</strong></span> <span class='ocrx_word' id='word_1_241' title='bbox 1204 4125 1525 4218; x_wconf 83' lang='lat' dir='ltr'><strong>perferat,</strong></span> <span class='ocrx_word' id='word_1_242' title='bbox 1562 4127 1676 4196; x_wconf 88' lang='lat' dir='ltr'><strong>vel</strong></span> <span class='ocrx_word' id='word_1_243' title='bbox 1701 4126 1865 4198; x_wconf 90' lang='lat' dir='ltr'><strong>solis</strong></span> <span class='ocrx_word' id='word_1_244' title='bbox 1892 4123 2206 4197; x_wconf 82' lang='lat' dir='ltr'><strong>ardorem</strong></span> <span class='ocrx_word' id='word_1_245' title='bbox 2231 4119 2465 4192; x_wconf 86' lang='lat' dir='ltr'><strong>alienis</strong></span> <span class='ocrx_word' id='word_1_246' title='bbox 2492 4136 2683 4186; x_wconf 91' lang='lat' dir='ltr'><strong>men—</strong></span> 
     </span>
     <span class='ocr_line' id='line_1_32' title="bbox 549 4245 2681 4342; baseline -0.004 -24"><span class='ocrx_word' id='word_1_247' title='bbox 549 4247 743 4320; x_wconf 92' lang='lat' dir='ltr'><strong>sibus</strong></span> <span class='ocrx_word' id='word_1_248' title='bbox 785 4247 1208 4320; x_wconf 78' lang='lat' dir='ltr'><strong>saevientem.</strong></span> <span class='ocrx_word' id='word_1_249' title='bbox 1271 4247 1382 4318; x_wconf 92' lang='lat' dir='ltr'><strong>Sic</strong></span> <span class='ocrx_word' id='word_1_250' title='bbox 1429 4270 1631 4321; x_wconf 91' lang='lat' dir='ltr'><strong>nemo</strong></span> <span class='ocrx_word' id='word_1_251' title='bbox 1695 4249 2029 4342; x_wconf 82' lang='lat' dir='ltr'><strong>reperitur</strong></span> <span class='ocrx_word' id='word_1_252' title='bbox 2091 4246 2207 4339; x_wconf 90' lang='lat' dir='ltr'><strong>qui</strong></span> <span class='ocrx_word' id='word_1_253' title='bbox 2272 4245 2384 4315; x_wconf 90' lang='lat' dir='ltr'><strong>vel</strong></span> <span class='ocrx_word' id='word_1_254' title='bbox 2448 4260 2681 4313; x_wconf 88' lang='lat' dir='ltr'><strong>senem</strong></span> 
     </span>
    </p>
   </div>
  </div>
 </body>
</html>
