3104 4805
962 404 1146 453 unna
1191 403 1448 453 snmus,
1474 402 1879 454 —EPISTOLA
1922 405 1961 454 1.
2414 390 2527 452 307

390 557 642 649 templa
697 553 999 627 farciatis
1049 576 1242 626 auro.
1311 553 1450 626 Sed
1513 551 1683 646 quid
1746 552 1982 623 Persio
2031 554 2255 629 dicitis
2296 558 2535 630 excla-

389 678 634 750 manti:

628 864 675 929 Ο
704 882 917 930 curvae
949 866 1012 928 in
1045 866 1226 929 terris
1256 866 1503 945 animae,
1540 874 1601 930 et
1631 867 1972 931 coelestium
2007 868 2238 944 inanes»,

625 963 781 1037 Quid
816 965 984 1028 iuvat
1012 965 1129 1027 hoc
1164 965 1400 1044 templis
1433 972 1672 1031 vestros
1707 966 2039 1029 immittere
2072 967 2322 1028 mores‘?

388 1170 580 1241 Neve
607 1171 741 1243 hoc
765 1170 918 1243 aliis
944 1171 1206 1244 dictum
1236 1172 1648 1256 crederetiS‚
1679 1172 1911 1245 audite
1937 1180 2014 1242 ut
2040 1170 2272 1244 statim
2299 1178 2538 1244 vestro

389 1294 662 1367 nomine
705 1289 833 1368 {ros
875 1297 1187 1389 appellat.

629 1470 848 1548 Dicite,
882 1471 1230 1549 Pontifices,
1267 1473 1328 1534 in
1361 1481 1566 1536 sancto
1600 1474 1746 1552 quid
1780 1473 1918 1536 facit
1953 1475 2227 1537 aurum?

393 1657 856 1752 Respondete,
909 1657 1302 1742 Pontifices3
1354 1658 1557 1731 vobis
1603 1658 1788 1729 enim
1847 1658 2170 1752 loquitur.
2230 1661 2542 1756 Respon-

393 1782 551 1854 dete
595 1790 694 1859 tot
734 1804 940 1855 senes
992 1784 1111 1854 uni
1162 1784 1425 1866 iuveni,
1467 1792 1570 1854 tot
1602 1783 1908 1874 theologi
1959 1783 2080 1853 uni
2130 1792 2385 1877 poetae,
2443 1793 2543 1857 tot

393 1904 747 1977 christiani
789 1906 910 1976 uni
949 1928 1243 2000 pagano.
1273 1905 1455 1991 Quid
1488 1904 1762 1977 dicitis?
1814 1903 1898 1975 Ιη
1931 1915 2156 1975 sancto
2193 1904 2352 1996 quid
2383 1909 2544 1997 facit

395 2028 678 2098 aurum?
719 2027 790 2098 Si
831 2029 1255 2123 respondere
1304 2028 1656 2121 negligitis
1697 2039 1944 2125 poetae,
1986 2052 2075 2101 an
2108 2052 2246 2101 non
2299 2031 2543 2102 saltem

398 2150 907 2246 respondebitis
942 2150 1323 2253 proplietae,
1363 2152 1481 2245 qui
1516 2174 1656 2224 non
1697 2175 1973 2238 aurum,
2021 2152 2144 2225 sed
2178 2154 2311 2225 alia
2348 2176 2545 2248 quae-

397 2274 560 2348 dam
602 2295 644 2345 a
677 2274 879 2346 vobis
927 2286 1330 2347 ornamenta
1379 2278 1787 2371 templorum
1836 2276 2097 2368 exigit?
2147 2274 2353 2372 Apud
2400 2280 2547 2351 Ma-

400 2397 692 2470 lachiam
746 2397 1002 2491 legitis:
1052 2398 1271 2470 Filius
1320 2401 1600 2470 honorat
1641 2412 1924 2494 patrem,
1975 2411 2036 2470 et
2073 2422 2302 2471 servus
2339 2398 2548 2472 domi-

401 2546 561 2594 num
592 2546 805 2594 suum.
866 2521 951 2594 Si
987 2546 1141 2617 erqo
1171 2535 1362 2618 pater
1401 2548 1515 2618 eqo
1555 2548 1729 2607 sum,
1772 2524 1889 2595 ubi
1927 2535 2020 2593 est
2070 2523 2279 2593 honor
2324 2526 2547 2595 meus?

403 2645 494 2716 Et
539 2648 600 2716 si
646 2644 947 2717 dominus
995 2667 1111 2736 eqo
1162 2669 1336 2730 sum,
1389 2648 1507 2717 ubi
1552 2658 1646 2716 est
1680 2647 1873 2715 timor
1920 2646 2146 2716 meus?
2195 2645 2374 2717 Dicit
2413 2645 2550 2716 Do-

400 2771 623 2840 minus
670 2772 1112 2842 emercituum:
1156 2772 1244 2841 Et
1283 2781 1359 2842 ut
1397 2770 1699 2842 noscatis
1752 2768 1915 2862 quia
1962 2768 2167 2841 vobis
2206 2768 2398 2854 dicit,
2436 2789 2549 2841 se-

299 2926 318 2940 ·
401 2893 663 2987 quitur:
707 2890 811 2963 Ad
851 2917 986 2987 vos,
1023 2918 1059 2966 o
1099 2892 1483 2978 sacerdotem,
1512 2895 1629 2983 qui
1657 2891 1986 2986 despicitis
2029 2912 2267 2962 nomen
2307 2914 2545 2961 meum.

399 3018 545 3091 Nisi
591 3022 769 3090 forte
806 3019 1177 3111 quisquam
1211 3028 1322 3089 est
1368 3017 1488 3109 qui
1537 3025 1761 3111 putet,
1817 3016 1955 3086 ulla
1996 3037 2301 3108 unquam
2343 3023 2550 3087 aetate

399 3140 679 3234 dignius
743 3140 877 3212 hoc
938 3140 1344 3235 quaesitum,
1403 3160 1614 3230 quam
1664 3160 1850 3209 nunc
1907 3137 2261 3230 quaeritur.
2330 3137 2552 3209 Video

400 3264 709 3357 quidem,
741 3272 817 3333 ut
841 3262 1014 3348 dixi,
1042 3265 1305 3353 vulgus
1332 3260 1623 3332 avaritia
1663 3259 1933 3344 ardere,
1974 3267 2063 3344 et,
2099 3262 2336 3342 fateor,
2384 3256 2552 3328 nihil

403 3394 723 3468 excusam
758 3386 947 3457 nulla
983 3395 1093 3457 est
1124 3384 1308 3455 enim
1334 3382 1700 3454 excusatio
1734 3382 2028 3475 peccati;
2066 3381 2194 3453 sed
2231 3390 2553 3452 natorum

402 3509 679 3591 caritaS,
726 3507 1227 3600 multiplexque
1280 3503 1693 3584 necessitaS‚
1745 3513 1815 3572 et
1866 3503 2176 3593 vulgaris
2228 3502 2554 3593 ignoran-

407 3632 501 3704 tia
540 3631 803 3704 crimen
828 3630 1083 3701 levant.
1110 3629 1255 3700 Vos
1285 3647 1483 3710 vero,
1513 3622 1910 3707 PontificeS‚
1940 3624 2166 3710 dicite,
2203 3644 2355 3695 oro:
2384 3622 2551 3716 quid

409 3753 544 3825 sibi
585 3754 736 3825 vult
772 3751 926 3824 haec
966 3751 1192 3823 rabies
1234 3747 1551 3834 habendi,
1582 3748 1759 3819 inter
1783 3748 2066 3821 divitias
2109 3758 2248 3819 tam
2289 3755 2546 3834 certaS,

408 3874 478 3945 in
530 3884 716 3946 tanta
768 3867 1001 3946 rerum'
1049 3873 1444 3946 divinarum
1512 3873 2109 3965 humanarumque
2149 3870 2439 3957 notitia,¹
2479 3871 2550 3943 in

407 3997 555 4069 vita
597 3997 896 4069 solitaria
928 4007 1000 4070 et
1037 3995 1305 4080 caelibe,
1347 4004 1420 4066 et
1452 3996 1540 4068 de
1581 3994 1884 4067 crastino
1917 3995 2225 4088 cogitare
2248 3993 2551 4088 prohibi-

413 4123 523 4192 ta‘?
560 4119 730 4193 illud
767 4120 935 4192 mihi
976 4122 1152 4193 forte
1190 4119 1630 4193 notissimum
1672 4117 2031 4210 ingeretis:
2083 4141 2322 4189 aurum
2361 4120 2553 4190 habet

409 4243 725 4316 Ecclesia.
778 4247 964 4317 Bene
1005 4245 1062 4317 si
1104 4244 1342 4326 habet,
1403 4244 1712 4337 pessime
1771 4240 1831 4314 si
1891 4241 2203 4314 habetur.
2272 4242 2550 4313 Placere
