3104 4805
525 396 601 455 38
1195 406 1275 452 nn
1320 405 1520 453 nunus
1565 404 2005 452 numillimus

527 555 702 625 tiens
745 575 913 623 vero
954 552 1283 643 Virgilius
1323 555 1569 644 fugere
1610 563 1883 645 tempus
1920 554 2058 625 ait‘?
2090 553 2295 637 Quid,
2337 555 2395 623 si
2429 576 2673 625 omnes

528 680 873 748 tacerent?
896 677 1064 770 quid
1091 676 1314 759 etiam,
1346 677 1405 746 si
1433 680 1811 767 negarent?
1837 676 2176 768 numquid
2200 677 2359 748 ideo
2387 680 2672 769 segnius

522 799 795 889 fugiens
824 810 1133 869 curreret
1166 808 1285 870 aut
1319 801 1628 869 volaret‘?
1659 800 1899 891 Neque
1933 823 2104 870 vero
2129 823 2258 885 me,
2289 800 2449 872 talia
2484 824 2673 872 sum-

524 923 655 992 mis
694 921 894 992 labiis
936 924 1310 1014 loquutum,
1356 932 1557 1013 putes
1605 921 1887 1015 (quique
1938 924 2309 995 coaetaneis
2352 926 2524 995 meis
2566 938 2674 997 est

522 1048 697 1143 mos)
742 1070 867 1141 per
908 1057 1268 1145 auctorum
1311 1048 1535 1118 vireta
1575 1057 1852 1140 captare
1892 1047 2244 1131 flosculos3
2289 1050 2478 1142 quod
2521 1051 2673 1123 viro

524 1182 724 1264 turpe
763 1172 858 1242 ait
900 1173 1187 1255 Seneca,
1236 1170 1434 1241 nobis
1476 1170 1571 1241 ita
1620 1171 2040 1262 permissum
2084 1183 2352 1264 putant,
2389 1186 2466 1244 ut
2505 1175 2673 1243 nihil

524 1294 842 1364 videatur
868 1292 935 1361 in
965 1291 1429 1363 adolescentia
1454 1292 1846 1362 formosius.
1865 1293 2017 1383 Ego
2046 1316 2155 1363 me
2184 1316 2318 1365 non
2347 1318 2526 1386 nego
2546 1296 2671 1366 sso-

525 1419 754 1487 sculos
796 1414 1142 1485 interdum
1185 1416 1445 1505 legere,
1491 1414 1749 1507 quibus
1791 1414 1972 1486 inter
2024 1417 2369 1488 seniorum
2421 1417 2668 1488 choros

529 1538 615 1632 (si
647 1560 760 1609 res
804 1536 1057 1631 tulerit)
1102 1537 1202 1606 uti
1242 1559 1518 1629 queam.
1565 1537 1703 1607 Sed
1742 1538 1838 1609 ita
1877 1538 1967 1608 ad
2005 1550 2307 1631 optatam
2351 1551 2671 1613 senectu—

526 1674 662 1732 tem
702 1661 949 1731 merita
988 1684 1146 1731 cum
1188 1660 1393 1731 laude
1434 1662 1866 1753 perveniam,
1911 1672 1988 1732 ut
2022 1684 2153 1753 ego
2188 1663 2411 1755 magis
2445 1664 2671 1735 omnia

525 1784 615 1854 ad
652 1783 866 1853 vitam
907 1783 1286 1867 aestimem,
1325 1806 1532 1874 quam
1561 1783 1649 1853 ad
1674 1784 2138 1875 eloquentiam
2167 1788 2550 1858 referenda.
2586 1788 2673 1856 Et

525 1906 847 1999 quamvis
894 1904 995 1999 (ut
1034 1916 1387 1989 estusuS,
1428 1916 1505 1976 ut
1538 1917 1649 1977 est
1681 1906 2065 1997 ingenium,
2103 1917 2179 1977 ιιι
2211 1919 2323 1978 est
2355 1911 2668 1995 animuS,

528 2041 604 2100 ut
641 2040 750 2100 est
785 2030 981 2123 aetas)
1027 2029 1441 2121 eloquentiae
1485 2030 1714 2101 studio
1754 2031 2086 2115 delectem
2134 2043 2365 2103 tamen
2399 2044 2471 2103 et
2507 2036 2672 2105 dum

526 2153 815 2224 aliorum
848 2152 1248 2223 benedicta
1283 2174 1643 2237 recenseo,
1690 2165 1759 2223 et
1801 2155 1861 2224 si
1903 2157 2183 2247 quando
2216 2158 2383 2226 mihi
2418 2158 2676 2248 aliquid

526 2280 700 2348 forte
755 2275 1112 2347 sonantius
1165 2273 1448 2356 excidit,
1505 2274 1873 2366 utrobique
1925 2279 2148 2368 magis
2231 2280 2543 2361 meditor,
2599 2290 2674 2349 ut

528 2396 866 2490 quidquid
900 2395 970 2466 id
1003 2405 1141 2478 est,
1182 2395 1346 2465 vitae
1381 2396 1625 2488 prosit,
1668 2396 2298 2491 adolescentiaeque
2333 2425 2445 2472 me
2478 2401 2675 2473 malis

527 2519 879 2610 expediat,
923 2540 1132 2606 quam
1167 2528 1245 2587 ut
1286 2518 1520 2588 verbis
1563 2519 2026 2591 ornatioribus
2069 2521 2395 2594 iuvenilis
2443 2524 2679 2616 lingua

528 2635 858 2707 lasciviat.
906 2637 1209 2706 Summae
1250 2638 1530 2729 quidem
1572 2639 1944 2711 dementiae
1987 2642 2267 2712 videtur
2302 2645 2371 2712 in
2413 2645 2486 2716 id
2524 2647 2670 2728 niti,

529 2755 618 2827 ad
655 2756 843 2847 quod
882 2758 1055 2827 forte
1106 2780 1461 2850 nunquam
1503 2760 1602 2829 sis
1653 2769 2021 2844 venturus,
2079 2772 2148 2830 et
2197 2764 2386 2851 quod
2435 2763 2672 2853 paucis

529 2879 798 2964 accidit,
847 2879 1173 2973 quodque
1223 2903 1380 2951 cum
1431 2882 1724 2972 adeptus
1764 2882 1980 2952 fueris
2032 2881 2375 2953 modicum
2428 2882 2668 2973 prosit,

531 3002 846 3075 fortassis
888 3012 957 3073 et
995 3006 1286 3075 multum
1326 3014 1601 3087 noceat3
1653 3003 1822 3076 illud
1862 3027 2031 3076 vero
2064 3003 2449 3095 negligere,
2486 3006 2673 3097 quod

533 3136 604 3195 et
633 3123 952 3197 omnibus
988 3136 1402 3219 promptum,
1442 3148 1589 3219 prae
1623 3126 1945 3197 omnibus
2002 3125 2190 3210 utile,
2229 3125 2676 3198 damnosum-

534 3271 670 3341 que
730 3271 1083 3341 nunquam
1134 3271 1296 3319 esse
1345 3249 1586 3342 possit.
1642 3249 1910 3321 Scimus
1977 3261 2207 3321 autem
2268 3272 2675 3341 magnorum

534 3372 934 3445 auctoritate
998 3372 1377 3457 hominum,
1447 3373 2067 3467 experimentoque
2117 3397 2352 3445 rerum
2411 3374 2675 3458 edocti,

536 3497 859 3590 quoniam
886 3496 1122 3588 paucis
1158 3496 1337 3566 bene
1370 3498 1587 3589 loqui,
1619 3497 1798 3567 bene
1823 3499 2068 3568 vivere
2102 3509 2331 3570 autem
2357 3496 2680 3569 omnibus

535 3621 776 3692 datum
816 3632 946 3691 est.
989 3620 1077 3690 Et
1111 3630 1341 3690 tamen
1376 3622 1611 3713 plures
1647 3620 1813 3692 illud
1849 3624 2377 3714 amplectuntur,
2414 3621 2544 3691 hoc
2577 3622 2684 3688 su-

539 3744 754 3831 giunt.
782 3745 882 3814 lta
908 3753 1017 3814 est
1043 3752 1290 3813 natura
1312 3742 1665 3814 hominum
1694 3743 2210 3816 difficultatibus
2239 3743 2639 3815 incumbere
2663 3799 2678 3827 ,

539 3874 610 3932 et
647 3887 730 3932 ea
766 3865 1082 3955 cupidius
1126 3877 1450 3958 appetere
1489 3888 1649 3959 quac
1689 3866 2101 3940 laboriosius
2143 3879 2492 3961 parantur.
2533 3868 2682 3956 Ego

542 3983 847 4074 quidem,
886 3986 1017 4054 etsi
1052 3988 1220 4057 mihi
1258 3988 1466 4059 fidem
1502 4000 1674 4060 aetas
1709 3992 2016 4082 deroget,
2057 4002 2234 4061 teste
2269 4002 2496 4063 tamen
2522 4008 2685 4057 con-

545 4103 856 4190 scientia,
902 4109 1086 4196 leg0‚
1134 4134 1269 4182 non
1311 4124 1389 4183 ut
1439 4113 1865 4204 eloquentior
1908 4125 2028 4184 aut
2065 4112 2396 4203 argutior,
2443 4108 2570 4178 sed
2608 4117 2684 4176 ut

546 4226 785 4297 melior
826 4226 1005 4299 fiam.
1050 4231 1134 4301 Et
1177 4234 1364 4324 quod
1397 4235 1484 4305 de
1520 4236 1758 4306 morali
1794 4234 2247 4325 philosophia}
2283 4243 2474 4324 parte
2507 4228 2682 4301 dixit
