3104 4805
927 383 1110 433 unm
1154 350 1838 435 sanus—Errsrom
1882 389 1959 433 w.
2406 375 2516 433 337
2584 355 2599 361 ‘

376 552 555 613 sem,
599 528 817 611 aiunt,
892 526 1333 622 paucioribus
1385 527 1512 610 uti3
1583 530 1827 613 fateor,
1884 550 2158 621 possem
2236 543 2307 603 et
2373 534 2523 604 sine

369 653 707 744 exemplis
740 673 971 743 agere:
1025 673 1152 722 nec
1201 651 1391 724 istud
1441 649 1734 722 inficior:
1789 652 2042 748 quippe
2092 676 2248 725 cum
2300 668 2369 726 et
2424 669 2523 728 ta-

369 801 528 851 cere
560 799 867 872 possem,
913 787 983 847 et
1015 778 1190 846 forte
1231 776 1652 847 consultius:
1698 777 1826 848 sed
1868 775 1933 845 in
1974 786 2074 848 tot
2112 780 2346 850 mundi
2376 804 2521 851 ma-

368 900 483 983 lis,
522 900 700 970 inter
732 911 871 971 tam
923 902 1133 971 multa
1187 899 1548 983 dedecora,
1589 912 1819 971 tacere
1872 900 2144 971 difficile
2178 911 2302 971 est.
2342 902 2521 974 Satis

369 1023 718 1115 patientiae
754 1022 1165 1116 praestitisse
1197 1021 1470 1106 videor,
1525 1023 1713 1115 quod
1763 1020 2069 1094 nondum
2118 1033 2373 1120 satyrae
2411 1047 2521 1095 ca-

369 1149 622 1218 lamum
674 1146 998 1240 applicui,
1055 1167 1214 1216 cum
1267 1145 1386 1215 diu
1436 1156 1596 1216 ante
1648 1145 1800 1216 haec
1842 1154 2152 1217 monstra
2187 1145 2519 1241 scriptum

366 1269 659 1354 videam,
717 1268 969 1360 difficile
1018 1279 1112 1337 est
1160 1281 1454 1359 satyram
1505 1291 1641 1337 non
1682 1270 1981 1338 scribere.
2015 1269 2230 1339 Multa
2258 1269 2521 1362 passim

371 1396 638 1488 loquor,
673 1394 885 1463 multa
914 1391 1119 1463 etiam
1150 1391 1396 1475 scribo,
1428 1414 1564 1463 non
1607 1400 1743 1462 tam
1788 1401 1862 1462 ut
1893 1394 2151 1463 saeculo
2179 1412 2333 1463 meo
2362 1413 2523 1486 pro-

371 1517 529 1600 sim,
575 1517 775 1587 cuius
828 1515 965 1585 iam
1024 1515 1394 1610 desperata
1459 1511 1740 1583 miseria
1804 1523 1943 1598 est,
1996 1537 2206 1606 quam
2271 1526 2348 1587 ut
2406 1537 2518 1584 me

368 1640 595 1735 ipsum
623 1639 971 1730 conceptis
1002 1647 1480 1721 exonerem‚et
1508 1638 1813 1707 animum
1845 1637 2118 1730 scriptis
2149 1641 2351 1710 soler.
2384 1638 2520 1709 Ve-

368 1773 758 1833 rumtamen
826 1764 884 1834 si
950 1764 1124 1834 ratio
1189 1754 1568 1855 quaeritur,'
1614 1784 1740 1832 cur
1792 1761 2134 1853 exemplis
2175 1763 2517 1834 interdum

367 1888 672 1970 affluam,
700 1887 1108 1978 curioseque
1133 1886 1203 1954 in
1241 1884 1349 1954 his
1382 1883 1628 1955 videar
1661 1883 2039 1968 immorari,
2071 1884 2328 1956 dicam:
2355 1894 2521 1977 puto

368 2011 692 2081 lectorem
727 2031 810 2080 eo
851 2009 1080 2079 animo
1121 2027 1305 2090 esse,
1352 2027 1491 2098 quo
1535 2029 1692 2076 sum
1743 2028 1896 2098 ego.
1941 2008 2052 2077 Me
2092 2007 2374 2099 quidem
2419 2010 2521 2078 ni-

368 2132 461 2203 hil
501 2132 830 2226 estquod
892 2140 1172 2202 moveat
1218 2138 1552 2223 quantum
1612 2132 1936 2224 exempla
1995 2133 2337 2202 clarorum
2397 2129 2523 2202 ho-

367 2255 647 2326 minum.
716 2257 917 2325 Iuvat
972 2252 1154 2323 enim
1213 2272 1617 2344 assurgere,
1689 2252 1882 2325 iuvat
1954 2255 2260 2325 animum
2305 2240 2521 2349 expe-

368 2377 482 2448 riri
545 2401 632 2451 an
673 2377 1049 2471 quidquam
1093 2376 1292 2449 solidi
1345 2372 1630 2458 habeat,
1702 2398 1790 2448 an
1841 2375 2163 2469 generosi
2231 2375 2515 2469 aliquid,

364 2511 572 2594 atque
614 2503 958 2573 adversus
1017 2503 1358 2571 fortunam
1427 2498 1740 2570 indomiti
1791 2510 1862 2570 et
1902 2499 2194 2570 infracti:
2238 2522 2326 2570 an
2388 2499 2519 2570 sibi

364 2625 451 2696 de
494 2647 571 2695 se
613 2626 761 2720 ipsc
802 2627 1127 2696 mentitus
1177 2623 1284 2694 sit.
1333 2624 1407 2694 Id
1451 2645 1636 2708 sane,
1692 2633 1945 2719 praeter
1991 2623 2513 2715 experientiam,

362 2768 524 2838 quae
573 2748 958 2819 certissima
1000 2748 1333 2840 magistra
1367 2770 1601 2818 rerum
1627 2757 1764 2831 est,
1811 2748 1998 2818 nullo
2026 2747 2272 2817 melius
2317 2746 2520 2819 modo

365 2866 441 2937 fit
480 2892 687 2960 quam
733 2869 789 2938 si
824 2891 984 2940 eum
1026 2869 1164 2954 his,
1209 2869 1466 2962 quibus
1513 2868 1906 2939 simillimus
1948 2889 2108 2939 esse
2150 2870 2352 2963 cupit,
2397 2870 2521 2942 ad-

363 3014 698 3063 moveam.
742 2994 983 3086 Itaque
1019 2993 1197 3064 sicut
1235 2991 1584 3074 omnibuS,
1641 3013 1820 3083 quos
1863 2992 2017 3082 lego
2059 2991 2354 3084 gratiam
2396 2993 2520 3063 ha-
2622 3076 2625 3079 ‚

362 3114 489 3186 beo
535 3117 592 3186 si
634 3115 800 3184 mihi
845 3137 1034 3208 saepc
1085 3115 1455 3206 propositis
1507 3114 1854 3208 exemplis
1904 3112 2083 3184 hanc
2115 3114 2522 3208 experiendi

359 3237 752 3308 facultatem
795 3236 1136 3317 dederint;
1192 3238 1291 3306 sic
1341 3234 1511 3305 mihi
1564 3235 1865 3327 gratiam
1920 3235 2274 3305 habituros
2319 3256 2520 3328 spero

361 3359 479 3448 qui
515 3378 627 3426 me
666 3356 977 3446 legerint.
1021 3358 1245 3426 Fallor
1285 3358 1522 3426 forsan
1577 3356 1648 3424 in
1702 3357 1833 3425 hac
1869 3378 2024 3448 spe:
2068 3366 2142 3425 tu
2180 3365 2407 3427 tamen
2449 3355 2519 3425 in

360 3477 491 3547 hac
530 3476 921 3547 narratione
949 3497 1086 3544 non
1114 3476 1389 3546 falleris.
1422 3477 1585 3546 Haec
1613 3475 1797 3545 enim
1823 3499 1962 3547 una
1988 3497 2155 3547 vera
2181 3476 2279 3546 rei
2306 3497 2520 3548 causa

360 3614 488 3674 est.
533 3601 768 3672 Altera
801 3612 910 3673 est
948 3602 1136 3695 quod
1175 3614 1246 3672 et
1285 3601 1451 3671 mihi
1484 3601 1739 3672 scribo:
1768 3611 1841 3672 et
1866 3604 2045 3674 inter
2073 3603 2516 3675 scribendum

358 3727 609 3818 cupide
643 3747 798 3795 cum
845 3724 1225 3797 maioribus
1262 3726 1520 3796 nostris
1557 3747 1828 3809 versor,
1867 3748 2007 3797 uno
2048 3747 2186 3820 quo
2226 3747 2515 3819 possum

361 3849 594 3931 modo;
633 3859 837 3940 atque
865 3849 1021 3933 hos,
1053 3871 1210 3919 cum
1251 3848 1508 3941 quibus
1554 3847 1795 3942 iniquo
1822 3851 2050 3923 sidere
2087 3852 2322 3923 datum
2368 3861 2517 3921 erat

362 3981 436 4041 ut
492 3972 833 4056 viverem,
905 3970 1353 4043 libentissime
1413 3971 1810 4043 obliviscor.
1881 3974 2096 4067 Inque
2136 3974 2267 4045 hoc
2308 3975 2515 4045 animi

363 4092 547 4166 vires
584 4106 868 4167 cunctas
910 4118 1226 4182 exerceo,
1282 4107 1357 4167 ut
1397 4097 1526 4168 hos
1568 4096 1852 4188 fugiam,
1899 4098 2051 4170 illos
2096 4119 2379 4192 sequar:
2420 4101 2513 4169 si-

360 4228 477 4288 cut
513 4219 697 4290 enim
740 4219 986 4292 horum
1032 4218 1338 4311 graviter
1371 4232 1787 4316 conspectus
1831 4222 2138 4308 offendit,
2219 4222 2318 4294 sic
2367 4223 2512 4292 ino-

663 4349 691 4386 ι.
2194 4343 2258 4391 22
