3104 4805
617 362 732 425 :382
1290 377 1373 429 ns
1416 376 1618 426 nanus
1666 377 2105 427 mundamus

616 526 1100 620 regrinationis
1142 526 1353 599 exilio
1387 528 1883 613 revidendum!
1926 525 2061 599 Sed
2085 548 2243 619 ege,
2272 510 2424 598 iure
2466 526 2773 620 quodam

614 671 770 721 meo
798 650 1008 745 (quod
1037 651 1414 723 amantium
1449 649 1756 723 omnium
1790 671 2155 723 commune
2188 648 2353 743 est),
2393 648 2576 721 fictis
2608 671 2775 721 con-

613 769 979 864 gressibus
1012 782 1222 865 atque
1249 772 1608 867 colloquiis
1649 772 1899 844 invisae
1931 793 2166 842 moras
2207 770 2486 842 solabar
2519 770 2773 843 absen-

614 894 756 977 tiae3
801 917 1052 988 meque
1095 894 1355 991 ipsum,
1400 906 1480 967 ut
1519 894 1628 982 fit,
1682 895 1984 989 quadam
2037 917 2192 967 cum
2247 897 2599 990 voluptate
2647 897 2773 965 sal-

611 1015 860 1088 lebam.
906 1016 1242 1102 Quotiens
1287 1018 1537 1111 aliquis
1581 1041 1673 1090 ex
1714 1019 1948 1114 pueris
1989 1019 2197 1104 meiS‚
2241 1018 2495 1111 quibus
2538 1018 2647 1089 ille
2691 1040 2773 1091 se

612 1141 866 1212 fecerat
903 1141 1121 1213 multa
1161 1163 1437 1215 morum
1471 1142 1817 1215 suavitate
1858 1142 2322 1226 carissimum,
2367 1140 2456 1214 ad
2496 1164 2608 1214 me
2644 1142 2773 1213 ali-

610 1265 780 1358 quid
829 1266 1272 1337 nuntiaturus
1338 1263 1750 1349 intraverat‚
1805 1266 1898 1336 ita
1946 1288 2135 1338 eram
2189 1266 2392 1360 quasi
2455 1266 2567 1337 ille
2631 1266 2770 1337 iam

612 1387 870 1460 afforet.
900 1386 1235 1472 Quotiens
1268 1389 1643 1483 quisquam
1678 1391 1863 1460 fores
1899 1388 2287 1483 impulerat,
2326 1387 2762 1472 fluctuabam,

612 1521 682 1583 et
720 1515 1102 1605 pastorium
1142 1512 1313 1586 illud
1356 1511 1444 1584 in*
1468 1512 1709 1606 primis
1748 1512 2159 1585 occurrebat
2199 1512 2462 1585 animo:

848 1713 1061 1779 Nescio
1087 1715 1235 1795 quid
1263 1720 1429 1778 certe
1460 1720 1582 1778 est:
1617 1722 1677 1778 et
1701 1714 1892 1795 Hylax
1924 1712 1986 1776 in
2015 1712 2226 1777 limine
2255 1714 2448 1792 latrat.

850 1813 1213 1879 Credimus?
1245 1829 1321 1877 an
1354 1814 1463 1893 qui
1496 1820 1701 1878 amant
1732 1813 1848 1895 ipsi
1882 1813 2000 1877 sibi
2033 1812 2270 1877 somnia
2302 1812 2586 1892 fingunt?

611 1996 776 2066 Haec
818 1994 1030 2066 miser
1080 2016 1319 2068 amans
1375 1994 1641 2067 somnia
1691 1992 2070 2087 fingebam:
2123 1993 2234 2066 his
2283 1994 2595 2086 angebar
2642 2017 2765 2067 cu-

613 2120 755 2203 ris;
809 2121 920 2193 bis
973 2119 1357 2192 aestuabam
1414 2117 1997 2203 solicitudinibuS,
2051 2118 2524 2213 pascebarque
2574 2118 2762 2191 tenui

613 2244 915 2337 quadam
961 2266 1114 2338 spe,
1157 2264 1298 2315 non
1337 2242 1536 2315 aliter
1570 2264 1780 2336 quam
1822 2242 2070 2338 opimis
2111 2265 2236 2337 per
2286 2246 2588 2336 quietem
2639 2241 2766 2315 da-

608 2366 818 2459 pibus
855 2367 1125 2461 sopitus
1154 2366 1473 2439 esuriens
1501 2391 1517 2450 ;
1549 2375 1621 2438 et
1656 2368 1947 2440 latratus
1980 2388 2255 2453 canum,
2293 2376 2365 2439 et
2399 2387 2762 2440 servorum

607 2507 849 2572 voceS,
896 2498 967 2558 et
1008 2487 1173 2559 moti
1212 2488 1469 2560 stridor
1515 2490 1847 2575 cardinis,
1893 2500 1963 2561 et
2011 2493 2482 2585 pavimentum
2533 2500 2765 2583 prote-

608 2629 770 2679 rens
838 2611 1098 2701 ungula
1161 2608 1587 2702 cornipedis,
1654 2622 1724 2683 et
1786 2612 2011 2683 omnis
2078 2615 2360 2685 omnino
2426 2614 2760 2707 strepitus

603 2729 980 2802 excitabat.
1034 2730 1372 2816 Quotiens
1425 2733 1538 2824 vel
1587 2730 1855 2801 libellos
1905 2732 2163 2825 quibus
2216 2734 2591 2820 inhiabam,
2640 2738 2759 2807 ‘vel

603 2852 715 2923 cui
751 2852 1176 2925 inhaerebam
1205 2856 1564 2938 calamum,
1594 2852 2123 2925 festinabundus
2157 2853 2405 2937 abieci;
2435 2857 2761 2946 quotiens

606 2977 908 3062 surrexi,
975 2977 1299 3071 quotiens
1361 2975 1646 3073 prosilui
1700 2973 1981 3048 videndi
2034 2975 2285 3047 avidus
2340 2976 2758 3068 tenendique

604 3095 930 3169 dilectum
974 3119 1232 3184 meum,
1274 3107 1345 3172 et
1390 3119 1716 3171 curarum
1766 3119 2080 3171 mearum
2129 3094 2755 3193 praedulcissimum

605 3220 1037 3317 participem,
1080 3243 1310 3316 neque
1351 3224 1632 3295 fratrem
1676 3224 1899 3293 solum
1943 3220 2046 3316 (ut
2074 3220 2298 3306 Tullii,
2326 3218 2582 3314 quibus
2624 3219 2759 3292 hoc

605 3343 754 3414 loco
778 3364 1065 3437 possum
1094 3335 1386 3441 proprie,
1424 3345 1664 3418 verbis
1700 3344 1901 3439 utar),
1934 3344 2064 3418 sed
2097 3344 2440 3417 suavitate
2473 3343 2760 3414 fratrem

606 3486 837 3560 prope·
881 3469 1248 3561 aequalem,
1319 3465 1660 3562 obsequio
1723 3467 1972 3553 filium,
2025 3468 2313 3541 consilio
2370 3478 2756 3561 parentem,

605 3611 810 3680 quem
841 3591 1076 3664 nescio
1103 3614 1192 3664 an
1217 3591 1423 3665 nimis
1462 3614 1619 3665 sero
1659 3592 2140 3684 cognoverim,
2171 3615 2258 3662 an
2287 3591 2524 3663 verius
2551 3589 2757 3661 nimis

601 3711 778 3782 cito:
822 3713 956 3786 nisi
991 3716 1176 3785 enim
1212 3736 1447 3788 amare
1490 3715 1843 3788 hominem
1879 3717 2280 3812 coepissem,
2319 3735 2755 3808 nequaquam

603 3845 825 3907 morte
865 3836 1019 3908 eius
1065 3836 1132 3907 in
1176 3837 1306 3911 bas
1346 3838 1665 3911 lacrimas
1705 3837 2129 3910 incidissem.
2163 3837 2453 3908 Biennio
2487 3837 2614 3907 vix
2655 3838 2758 3908 in-

605 3963 801 4048 tegro
849 3960 1033 4031 illius
1086 3959 1408 4033 convictu
1458 3971 1530 4031 et
1586 3961 1880 4034 amicitia
1932 3962 2150 4033 fretus
2218 3983 2414 4032 sum:
2483 3970 2756 4053 tempus

602 4074 738 4147 heu
782 4080 907 4151 vix
948 4083 1276 4176 alloquio,
1322 4106 1408 4155 ne
1448 4082 1674 4156 dicam
1717 4084 2063 4171 amicitiae,
2110 4084 2281 4156 satis
2316 4095 2578 4178 patens.
2616 4081 2755 4152 Sed

600 4194 731 4266 boc
785 4221 924 4270 uno
975 4207 1158 4273 solor
1213 4204 1580 4277 orbitatem
1635 4228 1889 4289 meam,
1945 4208 2132 4299 quod
2182 4207 2389 4279 ambo
2436 4202 2747 4276 certatim
