<?xml version="1.0" encoding="UTF-8"?>
<!DOCTYPE html PUBLIC "-//W3C//DTD XHTML 1.0 Transitional//EN"
    "http://www.w3.org/TR/xhtml1/DTD/xhtml1-transitional.dtd">
<html xmlns="http://www.w3.org/1999/xhtml" xml:lang="en" lang="en">
 <head>
  <title>
</title>
<meta http-equiv="Content-Type" content="text/html;charset=utf-8" />
  <meta name='ocr-system' content='tesseract 3.04.00' />
  <meta name='ocr-capabilities' content='ocr_page ocr_carea ocr_par ocr_line ocrx_word'/>
</head>
<body>
  <div class='ocr_page' id='page_1' title='image "./epistolaederebu00unkngoog_0149.png"; bbox 0 0 3104 4805; ppageno 0'>
   <div class='ocr_carea' id='block_1_1' title="bbox 47 541 56 708">
    <p class='ocr_par' dir='ltr' id='par_1_1' title="bbox 47 541 56 708">
     <span class='ocr_line' id='line_1_1' title="bbox 47 541 56 708; textangle 90"><span class='ocrx_word' id='word_1_1' title='bbox 47 541 56 708; x_wconf 67' lang='lat'><strong>-.·——-</strong></span> 
     </span>
    </p>
   </div>
   <div class='ocr_carea' id='block_1_2' title="bbox 1057 374 1583 424">
    <p class='ocr_par' dir='ltr' id='par_1_2' title="bbox 1057 374 1583 424">
     <span class='ocr_line' id='line_1_2' title="bbox 1057 374 1583 424; baseline 0.002 -2"><span class='ocrx_word' id='word_1_2' title='bbox 1057 374 1583 424; x_wconf 75' lang='lat' dir='ltr'><strong>PROLEGOMENON.</strong></span> 
     </span>
    </p>
   </div>
   <div class='ocr_carea' id='block_1_3' title="bbox 309 527 2079 854">
    <p class='ocr_par' dir='ltr' id='par_1_3' title="bbox 309 527 2073 686">
     <span class='ocr_line' id='line_1_3' title="bbox 309 527 2073 600; baseline 0 -18"><span class='ocrx_word' id='word_1_3' title='bbox 309 528 522 600; x_wconf 75' lang='lat' dir='ltr'>Virgilii</span> <span class='ocrx_word' id='word_1_4' title='bbox 559 528 823 596; x_wconf 80' lang='lat' dir='ltr'>codicem,</span> <span class='ocrx_word' id='word_1_5' title='bbox 854 543 1022 598; x_wconf 90' lang='lat' dir='ltr'><strong>quem</strong></span> <span class='ocrx_word' id='word_1_6' title='bbox 1049 527 1196 582; x_wconf 83' lang='lat' dir='ltr'><strong>furto</strong></span> <span class='ocrx_word' id='word_1_7' title='bbox 1226 544 1372 583; x_wconf 88' lang='lat' dir='ltr'><strong>anno</strong></span> <span class='ocrx_word' id='word_1_8' title='bbox 1399 528 1540 583; x_wconf 69' lang='lat'><strong>1326</strong></span> <span class='ocrx_word' id='word_1_9' title='bbox 1568 527 1857 597; x_wconf 87' lang='lat' dir='ltr'><strong>amiserat,</strong></span> <span class='ocrx_word' id='word_1_10' title='bbox 1887 528 1977 582; x_wconf 89' lang='lat' dir='ltr'><strong>die</strong></span> <span class='ocrx_word' id='word_1_11' title='bbox 2003 528 2073 583; x_wconf 82' lang='lat'><strong>17</strong></span> 
     </span>
     <span class='ocr_line' id='line_1_4' title="bbox 391 613 1285 686; baseline 0 -18"><span class='ocrx_word' id='word_1_12' title='bbox 391 614 599 686; x_wconf 79' lang='lat' dir='ltr'><strong>Aprilis</strong></span> <span class='ocrx_word' id='word_1_13' title='bbox 626 614 757 668; x_wconf 91' lang='lat' dir='ltr'><strong>anni</strong></span> <span class='ocrx_word' id='word_1_14' title='bbox 784 613 951 668; x_wconf 88' lang='lat' dir='ltr'><strong>huius</strong></span> <span class='ocrx_word' id='word_1_15' title='bbox 976 618 1285 684; x_wconf 88' lang='lat' dir='ltr'><strong>recuperat.</strong></span> 
     </span>
    </p>

    <p class='ocr_par' dir='ltr' id='par_1_4' title="bbox 309 694 2079 854">
     <span class='ocr_line' id='line_1_5' title="bbox 309 694 2079 768; baseline -0.001 -16"><span class='ocrx_word' id='word_1_16' title='bbox 309 698 396 753; x_wconf 89' lang='lat' dir='ltr'><strong>Ad</strong></span> <span class='ocrx_word' id='word_1_17' title='bbox 414 699 623 754; x_wconf 84' lang='lat' dir='ltr'><strong>fontem</strong></span> <span class='ocrx_word' id='word_1_18' title='bbox 643 698 850 768; x_wconf 81' lang='lat' dir='ltr'><strong>Sorgiae</strong></span> <span class='ocrx_word' id='word_1_19' title='bbox 868 696 1000 750; x_wconf 78' lang='lat' dir='ltr'><strong>vivit</strong></span> <span class='ocrx_word' id='word_1_20' title='bbox 1016 697 1075 751; x_wconf 90' lang='lat' dir='ltr'><strong>in</strong></span> <span class='ocrx_word' id='word_1_21' title='bbox 1095 713 1334 765; x_wconf 89' lang='lat' dir='ltr'><strong>secessu,</strong></span> <span class='ocrx_word' id='word_1_22' title='bbox 1357 702 1412 751; x_wconf 88' lang='lat' dir='ltr'><strong>et</strong></span> <span class='ocrx_word' id='word_1_23' title='bbox 1430 697 1476 750; x_wconf 93' lang='lat' dir='ltr'><strong>si</strong></span> <span class='ocrx_word' id='word_1_24' title='bbox 1495 694 1719 768; x_wconf 85' lang='lat' dir='ltr'><strong>quando</strong></span> <span class='ocrx_word' id='word_1_25' title='bbox 1738 695 2079 750; x_wconf 83' lang='lat' dir='ltr'><strong>Avenionem</strong></span> 
     </span>
     <span class='ocr_line' id='line_1_6' title="bbox 389 781 1226 854; baseline -0.002 -17"><span class='ocrx_word' id='word_1_26' title='bbox 389 782 560 854; x_wconf 88' lang='lat' dir='ltr'><strong>petit,</strong></span> <span class='ocrx_word' id='word_1_27' title='bbox 589 781 743 837; x_wconf 85' lang='lat' dir='ltr'><strong>Laelii</strong></span> <span class='ocrx_word' id='word_1_28' title='bbox 769 781 945 836; x_wconf 89' lang='lat' dir='ltr'><strong>utitur</strong></span> <span class='ocrx_word' id='word_1_29' title='bbox 970 781 1226 852; x_wconf 85' lang='lat' dir='ltr'><strong>hospitio.</strong></span> 
     </span>
    </p>
   </div>
   <div class='ocr_carea' id='block_1_4' title="bbox 50 933 2081 1022">
    <p class='ocr_par' dir='ltr' id='par_1_5' title="bbox 50 933 2081 1022">
     <span class='ocr_line' id='line_1_7' title="bbox 50 933 2081 1022; baseline 0.002 -21"><span class='ocrx_word' id='word_1_30' title='bbox 50 933 55 938; x_wconf 59' lang='grc'><strong><em>’</em></strong></span> <span class='ocrx_word' id='word_1_31' title='bbox 99 949 263 1004; x_wconf 82' lang='grc'><strong>1339.</strong></span> <span class='ocrx_word' id='word_1_32' title='bbox 309 946 467 1002; x_wconf 86' lang='lat' dir='ltr'><strong>Feria</strong></span> <span class='ocrx_word' id='word_1_33' title='bbox 495 947 571 1001; x_wconf 89' lang='lat' dir='ltr'><strong>VI</strong></span> <span class='ocrx_word' id='word_1_34' title='bbox 608 949 834 1003; x_wconf 86' lang='lat' dir='ltr'><strong>maioris</strong></span> <span class='ocrx_word' id='word_1_35' title='bbox 868 950 1248 1019; x_wconf 78' lang='lat' dir='ltr'><strong>hebdomadae,</strong></span> <span class='ocrx_word' id='word_1_36' title='bbox 1278 966 1473 1022; x_wconf 89' lang='lat' dir='ltr'><strong>poema</strong></span> <span class='ocrx_word' id='word_1_37' title='bbox 1500 950 1606 1006; x_wconf 89' lang='lat' dir='ltr'><strong>sibi</strong></span> <span class='ocrx_word' id='word_1_38' title='bbox 1642 951 1711 1006; x_wconf 89' lang='lat' dir='ltr'><strong>de</strong></span> <span class='ocrx_word' id='word_1_39' title='bbox 1737 951 1925 1008; x_wconf 83' lang='lat' dir='ltr'><strong>Africa</strong></span> <span class='ocrx_word' id='word_1_40' title='bbox 1952 954 2081 1007; x_wconf 89' lang='lat' dir='ltr'><strong>scri-</strong></span> 
     </span>
    </p>
   </div>
   <div class='ocr_carea' id='block_1_5' title="bbox 306 1032 2082 1693">
    <p class='ocr_par' dir='ltr' id='par_1_6' title="bbox 392 1032 942 1105">
     <span class='ocr_line' id='line_1_8' title="bbox 392 1032 942 1105; baseline 0.004 -19"><span class='ocrx_word' id='word_1_41' title='bbox 392 1032 640 1087; x_wconf 88' lang='lat' dir='ltr'><strong>bendum</strong></span> <span class='ocrx_word' id='word_1_42' title='bbox 664 1035 942 1105; x_wconf 83' lang='lat' dir='ltr'><strong>proponit.</strong></span> 
     </span>
    </p>

    <p class='ocr_par' dir='ltr' id='par_1_7' title="bbox 307 1117 2082 1340">
     <span class='ocr_line' id='line_1_9' title="bbox 307 1117 2082 1191; baseline 0.002 -19"><span class='ocrx_word' id='word_1_43' title='bbox 307 1117 597 1172; x_wconf 89' lang='lat' dir='ltr'><strong>Barlaamo</strong></span> <span class='ocrx_word' id='word_1_44' title='bbox 608 1119 1049 1191; x_wconf 87' lang='lat' dir='ltr'><strong>doctore,primis</strong></span> <span class='ocrx_word' id='word_1_45' title='bbox 1061 1119 1263 1189; x_wconf 87' lang='lat' dir='ltr'><strong>linguae</strong></span> <span class='ocrx_word' id='word_1_46' title='bbox 1283 1135 1472 1189; x_wconf 82' lang='lat' dir='ltr'><strong>graecae</strong></span> <span class='ocrx_word' id='word_1_47' title='bbox 1487 1118 1819 1174; x_wconf 79' lang='lat' dir='ltr'>rudimentis</span> <span class='ocrx_word' id='word_1_48' title='bbox 1837 1120 2082 1175; x_wconf 89' lang='lat' dir='ltr'><strong>ediscen-</strong></span> 
     </span>
     <span class='ocr_line' id='line_1_10' title="bbox 391 1201 2078 1276; baseline 0.002 -21"><span class='ocrx_word' id='word_1_49' title='bbox 391 1201 478 1255; x_wconf 85' lang='lat' dir='ltr'><strong>dis</strong></span> <span class='ocrx_word' id='word_1_50' title='bbox 496 1202 592 1256; x_wconf 88' lang='lat' dir='ltr'><strong>dat</strong></span> <span class='ocrx_word' id='word_1_51' title='bbox 609 1218 853 1274; x_wconf 85' lang='lat' dir='ltr'><strong>operam:</strong></span> <span class='ocrx_word' id='word_1_52' title='bbox 870 1219 998 1257; x_wconf 85' lang='lat' dir='ltr'><strong>mox</strong></span> <span class='ocrx_word' id='word_1_53' title='bbox 1018 1203 1113 1257; x_wconf 91' lang='lat' dir='ltr'><strong>illo</strong></span> <span class='ocrx_word' id='word_1_54' title='bbox 1126 1202 1415 1275; x_wconf 82' lang='lat' dir='ltr'><strong>Neapolim</strong></span> <span class='ocrx_word' id='word_1_55' title='bbox 1433 1203 1716 1273; x_wconf 81' lang='lat' dir='ltr'><strong>accersitO,</strong></span> <span class='ocrx_word' id='word_1_56' title='bbox 1728 1203 1817 1256; x_wconf 80' lang='lat' dir='ltr'><strong>vix</strong></span> <span class='ocrx_word' id='word_1_57' title='bbox 1837 1209 2078 1276; x_wconf 86' lang='lat' dir='ltr'><strong>coeptum</strong></span> 
     </span>
     <span class='ocr_line' id='line_1_11' title="bbox 390 1285 888 1340; baseline 0.002 -2"><span class='ocrx_word' id='word_1_58' title='bbox 390 1285 638 1339; x_wconf 89' lang='lat' dir='ltr'><strong>studium</strong></span> <span class='ocrx_word' id='word_1_59' title='bbox 665 1286 888 1340; x_wconf 88' lang='lat' dir='ltr'><strong>deserit.</strong></span> 
     </span>
    </p>

    <p class='ocr_par' dir='ltr' id='par_1_8' title="bbox 306 1367 2079 1525">
     <span class='ocr_line' id='line_1_12' title="bbox 306 1367 2079 1442; baseline 0.001 -20"><span class='ocrx_word' id='word_1_60' title='bbox 306 1367 559 1423; x_wconf 83' lang='lat' dir='ltr'><strong>Fratrem</strong></span> <span class='ocrx_word' id='word_1_61' title='bbox 586 1368 910 1439; x_wconf 77' lang='lat' dir='ltr'><strong>Dionysium</strong></span> <span class='ocrx_word' id='word_1_62' title='bbox 936 1369 1005 1423; x_wconf 90' lang='lat' dir='ltr'><strong>de</strong></span> <span class='ocrx_word' id='word_1_63' title='bbox 1033 1369 1217 1439; x_wconf 90' lang='lat' dir='ltr'><strong>Burgo</strong></span> <span class='ocrx_word' id='word_1_64' title='bbox 1246 1370 1302 1424; x_wconf 92' lang='lat' dir='ltr'><strong>S.</strong></span> <span class='ocrx_word' id='word_1_65' title='bbox 1335 1369 1645 1442; x_wconf 80' lang='lat' dir='ltr'><strong>Sepulchri,</strong></span> <span class='ocrx_word' id='word_1_66' title='bbox 1667 1386 1834 1441; x_wconf 88' lang='lat' dir='ltr'><strong>quem</strong></span> <span class='ocrx_word' id='word_1_67' title='bbox 1853 1370 2079 1424; x_wconf 87' lang='lat' dir='ltr'><strong>Parisiis</strong></span> 
     </span>
     <span class='ocr_line' id='line_1_13' title="bbox 387 1455 1279 1525; baseline 0 -17"><span class='ocrx_word' id='word_1_68' title='bbox 387 1460 735 1525; x_wconf 81' lang='lat' dir='ltr'><strong>cognoverat,</strong></span> <span class='ocrx_word' id='word_1_69' title='bbox 765 1455 1047 1508; x_wconf 75' lang='lat' dir='ltr'><strong>Avenione</strong></span> <span class='ocrx_word' id='word_1_70' title='bbox 1076 1455 1279 1509; x_wconf 83' lang='lat' dir='ltr'><strong>revisit.</strong></span> 
     </span>
    </p>

    <p class='ocr_par' dir='ltr' id='par_1_9' title="bbox 308 1537 2078 1693">
     <span class='ocr_line' id='line_1_14' title="bbox 308 1537 2078 1610; baseline 0 -18"><span class='ocrx_word' id='word_1_71' title='bbox 308 1538 545 1593; x_wconf 79' lang='lat' dir='ltr'><strong>Litteras</strong></span> <span class='ocrx_word' id='word_1_72' title='bbox 583 1538 774 1610; x_wconf 76' lang='lat' dir='ltr'><strong>recipit</strong></span> <span class='ocrx_word' id='word_1_73' title='bbox 801 1555 835 1592; x_wconf 92' lang='lat' dir='ltr'><strong>a</strong></span> <span class='ocrx_word' id='word_1_74' title='bbox 863 1537 1106 1608; x_wconf 72' lang='lat' dir='ltr'><strong>Roberto</strong></span> <span class='ocrx_word' id='word_1_75' title='bbox 1135 1538 1333 1592; x_wconf 83' lang='lat' dir='ltr'><strong>Siciliae</strong></span> <span class='ocrx_word' id='word_1_76' title='bbox 1364 1539 1514 1609; x_wconf 86' lang='lat' dir='ltr'><strong>Rege</strong></span> <span class='ocrx_word' id='word_1_77' title='bbox 1541 1538 1760 1606; x_wconf 88' lang='lat' dir='ltr'><strong>missas,</strong></span> <span class='ocrx_word' id='word_1_78' title='bbox 1786 1537 1963 1610; x_wconf 87' lang='lat' dir='ltr'><strong>iisque</strong></span> <span class='ocrx_word' id='word_1_79' title='bbox 1991 1537 2078 1592; x_wconf 90' lang='lat' dir='ltr'><strong>die</strong></span> 
     </span>
     <span class='ocr_line' id='line_1_15' title="bbox 386 1621 1289 1693; baseline -0.002 -15"><span class='ocrx_word' id='word_1_80' title='bbox 386 1623 458 1678; x_wconf 74' lang='lat'><strong>26</strong></span> <span class='ocrx_word' id='word_1_81' title='bbox 484 1621 802 1677; x_wconf 79' lang='lat' dir='ltr'><strong>Decembris</strong></span> <span class='ocrx_word' id='word_1_82' title='bbox 829 1622 947 1693; x_wconf 89' lang='lat' dir='ltr'><strong>ipse</strong></span> <span class='ocrx_word' id='word_1_83' title='bbox 976 1621 1289 1693; x_wconf 83' lang='lat' dir='ltr'><strong>respondet.</strong></span> 
     </span>
    </p>
   </div>
   <div class='ocr_carea' id='block_1_6' title="bbox 103 1790 2078 1946">
    <p class='ocr_par' dir='ltr' id='par_1_10' title="bbox 103 1790 2078 1946">
     <span class='ocr_line' id='line_1_16' title="bbox 103 1790 2078 1864; baseline 0 -18"><span class='ocrx_word' id='word_1_84' title='bbox 103 1793 260 1848; x_wconf 76' lang='lat'><strong>1340.</strong></span> <span class='ocrx_word' id='word_1_85' title='bbox 308 1792 430 1846; x_wconf 89' lang='lat' dir='ltr'><strong>Una</strong></span> <span class='ocrx_word' id='word_1_86' title='bbox 465 1791 768 1862; x_wconf 87' lang='lat' dir='ltr'><strong>eademque</strong></span> <span class='ocrx_word' id='word_1_87' title='bbox 798 1790 907 1858; x_wconf 90' lang='lat' dir='ltr'><strong>die,</strong></span> <span class='ocrx_word' id='word_1_88' title='bbox 930 1790 1036 1843; x_wconf 87' lang='lat' dir='ltr'><strong>kal.</strong></span> <span class='ocrx_word' id='word_1_89' title='bbox 1061 1791 1421 1862; x_wconf 88' lang='lat' dir='ltr'><strong>Septembris,</strong></span> <span class='ocrx_word' id='word_1_90' title='bbox 1443 1791 1511 1846; x_wconf 91' lang='lat' dir='ltr'><strong>ad</strong></span> <span class='ocrx_word' id='word_1_91' title='bbox 1532 1808 1791 1846; x_wconf 89' lang='lat' dir='ltr'><strong>coronam</strong></span> <span class='ocrx_word' id='word_1_92' title='bbox 1811 1793 2078 1864; x_wconf 89' lang='lat' dir='ltr'><strong>poeticam</strong></span> 
     </span>
     <span class='ocr_line' id='line_1_17' title="bbox 326 1874 2074 1946; baseline -0.001 -15"><span class='ocrx_word' id='word_1_93' title='bbox 326 1935 333 1940; x_wconf 56' lang='grc'><strong>,</strong></span> <span class='ocrx_word' id='word_1_94' title='bbox 387 1875 619 1931; x_wconf 87' lang='lat' dir='ltr'><strong>solemni</strong></span> <span class='ocrx_word' id='word_1_95' title='bbox 638 1875 750 1930; x_wconf 87' lang='lat' dir='ltr'><strong>ritu</strong></span> <span class='ocrx_word' id='word_1_96' title='bbox 770 1874 1159 1946; x_wconf 87' lang='lat' dir='ltr'><strong>recipiendam,</strong></span> <span class='ocrx_word' id='word_1_97' title='bbox 1178 1875 1415 1929; x_wconf 86' lang='lat' dir='ltr'><strong>Romam</strong></span> <span class='ocrx_word' id='word_1_98' title='bbox 1434 1880 1489 1929; x_wconf 89' lang='lat' dir='ltr'><strong>et</strong></span> <span class='ocrx_word' id='word_1_99' title='bbox 1506 1875 1746 1930; x_wconf 85' lang='lat' dir='ltr'><strong>Parisios</strong></span> <span class='ocrx_word' id='word_1_100' title='bbox 1759 1875 2074 1929; x_wconf 85' lang='lat' dir='ltr'><strong>accersitur.</strong></span> 
     </span>
    </p>
   </div>
   <div class='ocr_carea' id='block_1_7' title="bbox 58 2040 2081 4119">
    <p class='ocr_par' dir='ltr' id='par_1_11' title="bbox 102 2040 2080 2112">
     <span class='ocr_line' id='line_1_18' title="bbox 102 2040 2080 2112; baseline -0.002 -14"><span class='ocrx_word' id='word_1_101' title='bbox 102 2046 234 2100; x_wconf 68' lang='grc'><strong>1341</strong></span> <span class='ocrx_word' id='word_1_102' title='bbox 248 2088 262 2099; x_wconf 90' lang='grc'><strong>.</strong></span> <span class='ocrx_word' id='word_1_103' title='bbox 304 2044 608 2099; x_wconf 86' lang='lat' dir='ltr'><strong>Februario</strong></span> <span class='ocrx_word' id='word_1_104' title='bbox 626 2058 818 2096; x_wconf 89' lang='lat' dir='ltr'><strong>mense</strong></span> <span class='ocrx_word' id='word_1_105' title='bbox 837 2052 1092 2112; x_wconf 84' lang='lat' dir='ltr'><strong>exeunte,</strong></span> <span class='ocrx_word' id='word_1_106' title='bbox 1114 2041 1434 2112; x_wconf 87' lang='lat' dir='ltr'><strong>Massiliam,</strong></span> <span class='ocrx_word' id='word_1_107' title='bbox 1461 2046 1519 2096; x_wconf 89' lang='lat' dir='ltr'><strong>et</strong></span> <span class='ocrx_word' id='word_1_108' title='bbox 1543 2040 1673 2097; x_wconf 87' lang='lat' dir='ltr'><strong>inde</strong></span> <span class='ocrx_word' id='word_1_109' title='bbox 1699 2041 1975 2097; x_wconf 87' lang='lat' dir='ltr'><strong>maritimo</strong></span> <span class='ocrx_word' id='word_1_110' title='bbox 1996 2041 2080 2095; x_wconf 88' lang='lat' dir='ltr'><strong>iti-</strong></span> 
     </span>
    </p>

    <p class='ocr_par' dir='ltr' id='par_1_12' title="bbox 62 2125 1246 2197">
     <span class='ocr_line' id='line_1_19' title="bbox 62 2125 1246 2197; baseline -0.003 -14"><span class='ocrx_word' id='word_1_111' title='bbox 62 2179 67 2194; x_wconf 73' lang='grc'><em>,</em></span> <span class='ocrx_word' id='word_1_112' title='bbox 389 2145 521 2182; x_wconf 89' lang='lat' dir='ltr'><strong>nere</strong></span> <span class='ocrx_word' id='word_1_113' title='bbox 548 2126 837 2197; x_wconf 86' lang='lat' dir='ltr'><strong>Neapolim</strong></span> <span class='ocrx_word' id='word_1_114' title='bbox 863 2125 1246 2197; x_wconf 84' lang='lat' dir='ltr'><strong>proficiscitur.</strong></span> 
     </span>
    </p>

    <p class='ocr_par' dir='ltr' id='par_1_13' title="bbox 63 2201 2081 2290">
     <span class='ocr_line' id='line_1_20' title="bbox 63 2201 2081 2290; baseline -0.002 -24"><span class='ocrx_word' id='word_1_115' title='bbox 63 2201 68 2290; x_wconf 66' lang='grc' dir='ltr'>ξ</span> <span class='ocrx_word' id='word_1_116' title='bbox 304 2213 434 2266; x_wconf 85' lang='lat' dir='ltr'><strong>Suae</strong></span> <span class='ocrx_word' id='word_1_117' title='bbox 462 2209 789 2265; x_wconf 87' lang='lat' dir='ltr'><strong>eruditionis</strong></span> <span class='ocrx_word' id='word_1_118' title='bbox 816 2210 1060 2280; x_wconf 89' lang='lat' dir='ltr'><strong>periculo</strong></span> <span class='ocrx_word' id='word_1_119' title='bbox 1090 2210 1307 2281; x_wconf 88' lang='lat' dir='ltr'><strong>publice</strong></span> <span class='ocrx_word' id='word_1_120' title='bbox 1325 2209 1488 2280; x_wconf 82' lang='lat' dir='ltr'><strong>sacto,</strong></span> <span class='ocrx_word' id='word_1_121' title='bbox 1509 2227 1542 2265; x_wconf 91' lang='lat' dir='ltr'><strong>a</strong></span> <span class='ocrx_word' id='word_1_122' title='bbox 1561 2210 1803 2265; x_wconf 85' lang='lat' dir='ltr'><strong>Roberto</strong></span> <span class='ocrx_word' id='word_1_123' title='bbox 1823 2211 1974 2281; x_wconf 84' lang='lat' dir='ltr'><strong>Rege</strong></span> <span class='ocrx_word' id='word_1_124' title='bbox 2001 2209 2081 2263; x_wconf 92' lang='lat' dir='ltr'><strong>di-</strong></span> 
     </span>
    </p>

    <p class='ocr_par' dir='ltr' id='par_1_14' title="bbox 65 2293 2079 2382">
     <span class='ocr_line' id='line_1_21' title="bbox 65 2293 2079 2382; baseline -0.001 -33"><span class='ocrx_word' id='word_1_125' title='bbox 65 2301 71 2382; x_wconf 48' lang='lat'>:</span> <span class='ocrx_word' id='word_1_126' title='bbox 388 2312 530 2366; x_wconf 87' lang='lat' dir='ltr'><strong>gnus</strong></span> <span class='ocrx_word' id='word_1_127' title='bbox 567 2294 662 2365; x_wconf 90' lang='lat' dir='ltr'><strong>qui</strong></span> <span class='ocrx_word' id='word_1_128' title='bbox 699 2295 911 2365; x_wconf 88' lang='lat' dir='ltr'><strong>poetica</strong></span> <span class='ocrx_word' id='word_1_129' title='bbox 947 2293 1183 2348; x_wconf 90' lang='lat' dir='ltr'><strong>donetur</strong></span> <span class='ocrx_word' id='word_1_130' title='bbox 1228 2311 1429 2362; x_wconf 80' lang='lat' dir='ltr'><strong>corona</strong></span> <span class='ocrx_word' id='word_1_131' title='bbox 1473 2295 1864 2349; x_wconf 87' lang='lat' dir='ltr'><strong>renunciatur:</strong></span> <span class='ocrx_word' id='word_1_132' title='bbox 1912 2293 2079 2348; x_wconf 88' lang='lat' dir='ltr'><strong>sacris</strong></span> 
     </span>
    </p>

    <p class='ocr_par' dir='ltr' id='par_1_15' title="bbox 388 2377 2079 2449">
     <span class='ocr_line' id='line_1_22' title="bbox 388 2377 2079 2449; baseline -0.001 -15"><span class='ocrx_word' id='word_1_133' title='bbox 388 2380 551 2449; x_wconf 83' lang='lat' dir='ltr'><strong>regiae</strong></span> <span class='ocrx_word' id='word_1_134' title='bbox 571 2378 772 2433; x_wconf 87' lang='lat' dir='ltr'><strong>domus</strong></span> <span class='ocrx_word' id='word_1_135' title='bbox 791 2377 1084 2447; x_wconf 87' lang='lat' dir='ltr'><strong>addicitur,</strong></span> <span class='ocrx_word' id='word_1_136' title='bbox 1103 2378 1271 2449; x_wconf 88' lang='lat' dir='ltr'><strong>regali</strong></span> <span class='ocrx_word' id='word_1_137' title='bbox 1291 2383 1441 2434; x_wconf 84' lang='lat' dir='ltr'><strong>veste</strong></span> <span class='ocrx_word' id='word_1_138' title='bbox 1461 2378 1719 2448; x_wconf 87' lang='lat' dir='ltr'><strong>donatur,</strong></span> <span class='ocrx_word' id='word_1_139' title='bbox 1735 2377 2079 2449; x_wconf 83' lang='lat' dir='ltr'><strong>acceptisque</strong></span> 
     </span>
    </p>

    <p class='ocr_par' dir='ltr' id='par_1_16' title="bbox 68 2456 2081 2532">
     <span class='ocr_line' id='line_1_23' title="bbox 68 2456 2081 2532; baseline -0.004 -11"><span class='ocrx_word' id='word_1_140' title='bbox 68 2456 73 2521; x_wconf 67' lang='grc' dir='ltr'><strong>ἶ</strong></span> <span class='ocrx_word' id='word_1_141' title='bbox 390 2463 588 2517; x_wconf 87' lang='lat' dir='ltr'><strong>litteris</strong></span> <span class='ocrx_word' id='word_1_142' title='bbox 616 2462 684 2516; x_wconf 89' lang='lat' dir='ltr'><strong>ad</strong></span> <span class='ocrx_word' id='word_1_143' title='bbox 715 2462 1012 2530; x_wconf 87' lang='lat' dir='ltr'><strong>Senatum,</strong></span> <span class='ocrx_word' id='word_1_144' title='bbox 1041 2479 1164 2532; x_wconf 83' lang='lat' dir='ltr'><strong>quae</strong></span> <span class='ocrx_word' id='word_1_145' title='bbox 1194 2462 1479 2516; x_wconf 85' lang='lat' dir='ltr'><strong>indubiam</strong></span> <span class='ocrx_word' id='word_1_146' title='bbox 1501 2479 1615 2515; x_wconf 85' lang='lat' dir='ltr'><strong>suae</strong></span> <span class='ocrx_word' id='word_1_147' title='bbox 1635 2462 1895 2515; x_wconf 81' lang='lat' dir='ltr'><strong>doctrinae</strong></span> <span class='ocrx_word' id='word_1_148' title='bbox 1913 2460 2081 2513; x_wconf 83' lang='lat' dir='ltr'><strong>fidem</strong></span> 
     </span>
    </p>

    <p class='ocr_par' dir='ltr' id='par_1_17' title="bbox 67 2536 2080 2623">
     <span class='ocr_line' id='line_1_24' title="bbox 67 2536 2080 2623; baseline -0 -24"><span class='ocrx_word' id='word_1_149' title='bbox 67 2536 73 2623; x_wconf 54' lang='lat' dir='ltr'><strong>j</strong></span> <span class='ocrx_word' id='word_1_150' title='bbox 387 2547 607 2615; x_wconf 82' lang='lat' dir='ltr'><strong>faciant,</strong></span> <span class='ocrx_word' id='word_1_151' title='bbox 631 2548 868 2601; x_wconf 87' lang='lat' dir='ltr'><strong>Romam</strong></span> <span class='ocrx_word' id='word_1_152' title='bbox 889 2546 1272 2617; x_wconf 82' lang='lat' dir='ltr'><strong>proficiscitur,</strong></span> <span class='ocrx_word' id='word_1_153' title='bbox 1295 2545 1684 2599; x_wconf 88' lang='lat' dir='ltr'><strong>comitantibus</strong></span> <span class='ocrx_word' id='word_1_154' title='bbox 1710 2545 1953 2599; x_wconf 88' lang='lat' dir='ltr'><strong>Iohanne</strong></span> <span class='ocrx_word' id='word_1_155' title='bbox 1981 2545 2080 2598; x_wconf 86' lang='lat' dir='ltr'><strong>Ba-</strong></span> 
     </span>
    </p>

    <p class='ocr_par' dir='ltr' id='par_1_18' title="bbox 388 2628 2080 2700">
     <span class='ocr_line' id='line_1_25' title="bbox 388 2628 2080 2700; baseline -0.001 -16"><span class='ocrx_word' id='word_1_156' title='bbox 388 2630 512 2684; x_wconf 87' lang='lat' dir='ltr'><strong>rilio</strong></span> <span class='ocrx_word' id='word_1_157' title='bbox 537 2630 739 2698; x_wconf 89' lang='lat' dir='ltr'><strong>milite,</strong></span> <span class='ocrx_word' id='word_1_158' title='bbox 762 2630 941 2683; x_wconf 85' lang='lat' dir='ltr'><strong>etalio</strong></span> <span class='ocrx_word' id='word_1_159' title='bbox 969 2628 1256 2697; x_wconf 81' lang='lat' dir='ltr'><strong>legationis</strong></span> <span class='ocrx_word' id='word_1_160' title='bbox 1284 2630 1451 2697; x_wconf 79' lang='lat' dir='ltr'><strong>socie,</strong></span> <span class='ocrx_word' id='word_1_161' title='bbox 1479 2630 1574 2700; x_wconf 88' lang='lat' dir='ltr'><strong>qui</strong></span> <span class='ocrx_word' id='word_1_162' title='bbox 1603 2629 1831 2684; x_wconf 87' lang='lat' dir='ltr'><strong>Roberti</strong></span> <span class='ocrx_word' id='word_1_163' title='bbox 1857 2630 2080 2684; x_wconf 86' lang='lat' dir='ltr'><strong>nomine</strong></span> 
     </span>
    </p>

    <p class='ocr_par' dir='ltr' id='par_1_19' title="bbox 62 2650 1681 2784">
     <span class='ocr_line' id='line_1_26' title="bbox 62 2650 1681 2784; baseline -0.004 -11"><span class='ocrx_word' id='word_1_164' title='bbox 62 2650 68 2773; x_wconf 47' lang='lat' dir='ltr'>J</span> <span class='ocrx_word' id='word_1_165' title='bbox 385 2714 616 2768; x_wconf 84' lang='lat' dir='ltr'><strong>solemni</strong></span> <span class='ocrx_word' id='word_1_166' title='bbox 644 2712 975 2768; x_wconf 83' lang='lat' dir='ltr'><strong>caerimoniae</strong></span> <span class='ocrx_word' id='word_1_167' title='bbox 1002 2713 1060 2766; x_wconf 91' lang='lat' dir='ltr'><strong>in</strong></span> <span class='ocrx_word' id='word_1_168' title='bbox 1090 2712 1354 2784; x_wconf 85' lang='lat' dir='ltr'><strong>Capitolio</strong></span> <span class='ocrx_word' id='word_1_169' title='bbox 1382 2712 1681 2767; x_wconf 84' lang='lat' dir='ltr'><strong>adstarent.</strong></span> 
     </span>
    </p>

    <p class='ocr_par' dir='ltr' id='par_1_20' title="bbox 61 2796 2078 2895">
     <span class='ocr_line' id='line_1_27' title="bbox 61 2796 2078 2895; baseline -0.001 -43"><span class='ocrx_word' id='word_1_170' title='bbox 61 2826 66 2895; x_wconf 77' lang='grc' dir='ltr'>Ι</span> <span class='ocrx_word' id='word_1_171' title='bbox 305 2799 371 2853; x_wconf 89' lang='lat' dir='ltr'><strong>In</strong></span> <span class='ocrx_word' id='word_1_172' title='bbox 408 2798 836 2852; x_wconf 83' lang='lat' dir='ltr'><strong>familiaritatem</strong></span> <span class='ocrx_word' id='word_1_173' title='bbox 873 2797 1092 2851; x_wconf 88' lang='lat' dir='ltr'><strong>Barbati</strong></span> <span class='ocrx_word' id='word_1_174' title='bbox 1131 2797 1512 2852; x_wconf 88' lang='lat' dir='ltr'><strong>Sulmonensis</strong></span> <span class='ocrx_word' id='word_1_175' title='bbox 1548 2803 1604 2851; x_wconf 89' lang='lat' dir='ltr'><strong>et</strong></span> <span class='ocrx_word' id='word_1_176' title='bbox 1641 2796 1798 2851; x_wconf 91' lang='lat' dir='ltr'><strong>Pauli</strong></span> <span class='ocrx_word' id='word_1_177' title='bbox 1825 2796 2078 2850; x_wconf 89' lang='lat' dir='ltr'><strong>Perusini</strong></span> 
     </span>
    </p>

    <p class='ocr_par' dir='ltr' id='par_1_21' title="bbox 390 2881 958 2953">
     <span class='ocr_line' id='line_1_28' title="bbox 390 2881 958 2953; baseline -0.002 -18"><span class='ocrx_word' id='word_1_178' title='bbox 390 2881 618 2953; x_wconf 89' lang='lat' dir='ltr'><strong>Neapoli</strong></span> <span class='ocrx_word' id='word_1_179' title='bbox 646 2881 958 2935; x_wconf 87' lang='lat' dir='ltr'><strong>adducitur.</strong></span> 
     </span>
    </p>

    <p class='ocr_par' dir='ltr' id='par_1_22' title="bbox 58 2948 2075 3051">
     <span class='ocr_line' id='line_1_29' title="bbox 58 2948 2075 3051; baseline -0.001 -34"><span class='ocrx_word' id='word_1_180' title='bbox 58 2948 63 3051; x_wconf 66' lang='lat' dir='ltr'>J</span> <span class='ocrx_word' id='word_1_181' title='bbox 304 2964 408 3018; x_wconf 89' lang='lat' dir='ltr'><strong>Die</strong></span> <span class='ocrx_word' id='word_1_182' title='bbox 433 2964 471 3017; x_wconf 86' lang='lat'><strong>4</strong></span> <span class='ocrx_word' id='word_1_183' title='bbox 496 2964 723 3036; x_wconf 77' lang='lat' dir='ltr'><strong>Aprilis,</strong></span> <span class='ocrx_word' id='word_1_184' title='bbox 762 2963 990 3034; x_wconf 86' lang='lat' dir='ltr'><strong>Neapoli</strong></span> <span class='ocrx_word' id='word_1_185' title='bbox 1026 2963 1407 3035; x_wconf 84' lang='lat' dir='ltr'><strong>proficiscitur.</strong></span> <span class='ocrx_word' id='word_1_186' title='bbox 1432 2962 1704 3018; x_wconf 87' lang='lat' dir='ltr'><strong>Iohannes</strong></span> <span class='ocrx_word' id='word_1_187' title='bbox 1724 2963 1983 3031; x_wconf 88' lang='lat' dir='ltr'><strong>Barilius,</strong></span> <span class='ocrx_word' id='word_1_188' title='bbox 2011 2978 2075 3015; x_wconf 88' lang='lat' dir='ltr'><strong>eo</strong></span> 
     </span>
    </p>

    <p class='ocr_par' dir='ltr' id='par_1_23' title="bbox 58 3045 2077 3143">
     <span class='ocr_line' id='line_1_30' title="bbox 58 3045 2077 3143; baseline -0.003 -39"><span class='ocrx_word' id='word_1_189' title='bbox 58 3054 64 3143; x_wconf 71' lang='grc' dir='ltr'>Ι</span> <span class='ocrx_word' id='word_1_190' title='bbox 384 3065 683 3120; x_wconf 87' lang='lat' dir='ltr'><strong>parumper</strong></span> <span class='ocrx_word' id='word_1_191' title='bbox 700 3046 911 3116; x_wconf 90' lang='lat' dir='ltr'><strong>relict0‚</strong></span> <span class='ocrx_word' id='word_1_192' title='bbox 924 3047 1162 3101; x_wconf 83' lang='lat' dir='ltr'><strong>deflectit</strong></span> <span class='ocrx_word' id='word_1_193' title='bbox 1180 3047 1304 3116; x_wconf 88' lang='lat' dir='ltr'><strong>iter,</strong></span> <span class='ocrx_word' id='word_1_194' title='bbox 1325 3054 1381 3102; x_wconf 90' lang='lat' dir='ltr'><strong>et</strong></span> <span class='ocrx_word' id='word_1_195' title='bbox 1407 3064 1578 3119; x_wconf 91' lang='lat' dir='ltr'><strong>prope</strong></span> <span class='ocrx_word' id='word_1_196' title='bbox 1597 3046 1870 3100; x_wconf 87' lang='lat' dir='ltr'><strong>Ananiam</strong></span> <span class='ocrx_word' id='word_1_197' title='bbox 1887 3045 2077 3098; x_wconf 87' lang='lat' dir='ltr'><strong>incidit</strong></span> 
     </span>
    </p>

    <p class='ocr_par' dir='ltr' id='par_1_24' title="bbox 384 3129 2071 3203">
     <span class='ocr_line' id='line_1_31' title="bbox 384 3129 2071 3203; baseline -0.004 -16"><span class='ocrx_word' id='word_1_198' title='bbox 384 3132 441 3186; x_wconf 90' lang='lat' dir='ltr'><strong>in</strong></span> <span class='ocrx_word' id='word_1_199' title='bbox 469 3149 669 3187; x_wconf 88' lang='lat' dir='ltr'><strong>manus</strong></span> <span class='ocrx_word' id='word_1_200' title='bbox 697 3132 994 3186; x_wconf 88' lang='lat' dir='ltr'><strong>latronum.</strong></span> <span class='ocrx_word' id='word_1_201' title='bbox 1019 3132 1255 3186; x_wconf 89' lang='lat' dir='ltr'><strong>Romam</strong></span> <span class='ocrx_word' id='word_1_202' title='bbox 1272 3131 1388 3203; x_wconf 87' lang='lat' dir='ltr'><strong>ipse</strong></span> <span class='ocrx_word' id='word_1_203' title='bbox 1411 3131 1657 3201; x_wconf 86' lang='lat' dir='ltr'><strong>pervenit</strong></span> <span class='ocrx_word' id='word_1_204' title='bbox 1685 3130 1772 3183; x_wconf 88' lang='lat' dir='ltr'><strong>die</strong></span> <span class='ocrx_word' id='word_1_205' title='bbox 1793 3130 1828 3184; x_wconf 88' lang='grc'><strong>6</strong></span> <span class='ocrx_word' id='word_1_206' title='bbox 1847 3129 2071 3200; x_wconf 87' lang='lat' dir='ltr'><strong>Aprilis.</strong></span> 
     </span>
    </p>

    <p class='ocr_par' dir='ltr' id='par_1_25' title="bbox 60 3198 2074 3287">
     <span class='ocr_line' id='line_1_32' title="bbox 60 3198 2074 3287; baseline -0.005 -12"><span class='ocrx_word' id='word_1_207' title='bbox 60 3198 65 3275; x_wconf 69' lang='grc' dir='ltr'>ἱ</span> <span class='ocrx_word' id='word_1_208' title='bbox 300 3216 404 3270; x_wconf 78' lang='lat' dir='ltr'><strong>Die</strong></span> <span class='ocrx_word' id='word_1_209' title='bbox 440 3215 743 3283; x_wconf 68' lang='lat' dir='ltr'><strong>Paschafis,</strong></span> <span class='ocrx_word' id='word_1_210' title='bbox 773 3214 810 3270; x_wconf 86' lang='lat' dir='ltr'><strong>s</strong></span> <span class='ocrx_word' id='word_1_211' title='bbox 834 3214 1063 3286; x_wconf 76' lang='lat' dir='ltr'><strong>Aprilis,</strong></span> <span class='ocrx_word' id='word_1_212' title='bbox 1085 3214 1142 3268; x_wconf 78' lang='lat' dir='ltr'><strong>in</strong></span> <span class='ocrx_word' id='word_1_213' title='bbox 1172 3213 1459 3287; x_wconf 83' lang='lat' dir='ltr'><strong>Capitolio,</strong></span> <span class='ocrx_word' id='word_1_214' title='bbox 1490 3215 1687 3282; x_wconf 86' lang='lat' dir='ltr'><strong>Ursus,</strong></span> <span class='ocrx_word' id='word_1_215' title='bbox 1717 3212 2074 3283; x_wconf 81' lang='lat' dir='ltr'><strong>Anguillariae</strong></span> 
     </span>
    </p>

    <p class='ocr_par' dir='ltr' id='par_1_26' title="bbox 60 3280 2071 3383">
     <span class='ocr_line' id='line_1_33' title="bbox 60 3280 2071 3383; baseline -0.003 -29"><span class='ocrx_word' id='word_1_216' title='bbox 60 3280 66 3383; x_wconf 68' lang='grc' dir='ltr'>Ι</span> <span class='ocrx_word' id='word_1_217' title='bbox 384 3296 601 3367; x_wconf 88' lang='lat' dir='ltr'><strong>Comes,</strong></span> <span class='ocrx_word' id='word_1_218' title='bbox 625 3298 858 3353; x_wconf 87' lang='lat' dir='ltr'><strong>Senator</strong></span> <span class='ocrx_word' id='word_1_219' title='bbox 882 3296 1058 3365; x_wconf 79' lang='lat' dir='ltr'><strong>urbiS,</strong></span> <span class='ocrx_word' id='word_1_220' title='bbox 1081 3295 1356 3351; x_wconf 89' lang='lat' dir='ltr'><strong>Francisci</strong></span> <span class='ocrx_word' id='word_1_221' title='bbox 1375 3297 1537 3368; x_wconf 89' lang='lat' dir='ltr'><strong>capiti</strong></span> <span class='ocrx_word' id='word_1_222' title='bbox 1557 3297 1802 3351; x_wconf 87' lang='lat' dir='ltr'><strong>lauream</strong></span> <span class='ocrx_word' id='word_1_223' title='bbox 1821 3295 2071 3367; x_wconf 89' lang='lat' dir='ltr'><strong>imponit.</strong></span> 
     </span>
    </p>

    <p class='ocr_par' dir='ltr' id='par_1_27' title="bbox 300 3377 2074 3450">
     <span class='ocr_line' id='line_1_34' title="bbox 300 3377 2074 3450; baseline -0.002 -15"><span class='ocrx_word' id='word_1_224' title='bbox 300 3380 427 3436; x_wconf 89' lang='lat' dir='ltr'><strong>Una</strong></span> <span class='ocrx_word' id='word_1_225' title='bbox 463 3397 590 3435; x_wconf 91' lang='lat' dir='ltr'><strong>cum</strong></span> <span class='ocrx_word' id='word_1_226' title='bbox 624 3380 888 3434; x_wconf 70' lang='lat' dir='ltr'><strong>tratribus</strong></span> <span class='ocrx_word' id='word_1_227' title='bbox 923 3379 1004 3433; x_wconf 90' lang='lat' dir='ltr'><strong>De</strong></span> <span class='ocrx_word' id='word_1_228' title='bbox 1041 3377 1316 3449; x_wconf 87' lang='lat' dir='ltr'><strong>Corrigia,</strong></span> <span class='ocrx_word' id='word_1_229' title='bbox 1355 3379 1613 3433; x_wconf 87' lang='lat' dir='ltr'><strong>Parmam</strong></span> <span class='ocrx_word' id='word_1_230' title='bbox 1650 3379 1718 3433; x_wconf 90' lang='lat' dir='ltr'><strong>ab</strong></span> <span class='ocrx_word' id='word_1_231' title='bbox 1755 3380 1823 3433; x_wconf 88' lang='lat' dir='ltr'><strong>iis</strong></span> <span class='ocrx_word' id='word_1_232' title='bbox 1859 3384 2074 3450; x_wconf 85' lang='lat' dir='ltr'><strong>captam</strong></span> 
     </span>
    </p>

    <p class='ocr_par' dir='ltr' id='par_1_28' title="bbox 60 3392 710 3535">
     <span class='ocr_line' id='line_1_35' title="bbox 60 3392 710 3535; baseline -0.009 -12"><span class='ocrx_word' id='word_1_233' title='bbox 60 3392 65 3523; x_wconf 45' lang='grc' dir='ltr'>ἱ</span> <span class='ocrx_word' id='word_1_234' title='bbox 386 3464 710 3535; x_wconf 83' lang='lat' dir='ltr'><strong>ingreditur.</strong></span> 
     </span>
    </p>

    <p class='ocr_par' dir='ltr' id='par_1_29' title="bbox 300 3546 2075 3686">
     <span class='ocr_line' id='line_1_36' title="bbox 300 3546 2075 3619; baseline -0.004 -15"><span class='ocrx_word' id='word_1_235' title='bbox 300 3549 613 3619; x_wconf 86' lang='lat' dir='ltr'><strong>Singularis</strong></span> <span class='ocrx_word' id='word_1_236' title='bbox 630 3549 757 3603; x_wconf 83' lang='lat' dir='ltr'><strong>caeci</strong></span> <span class='ocrx_word' id='word_1_237' title='bbox 777 3548 1251 3603; x_wconf 88' lang='lat' dir='ltr'><strong>Pontremulensis</strong></span> <span class='ocrx_word' id='word_1_238' title='bbox 1270 3548 1327 3601; x_wconf 93' lang='lat' dir='ltr'><strong>in</strong></span> <span class='ocrx_word' id='word_1_239' title='bbox 1348 3547 1702 3603; x_wconf 86' lang='lat' dir='ltr'><strong>Franciscum</strong></span> <span class='ocrx_word' id='word_1_240' title='bbox 1718 3546 2075 3601; x_wconf 69' lang='lat' dir='ltr'><strong>observantiae</strong></span> 
     </span>
     <span class='ocr_line' id='line_1_37' title="bbox 386 3633 798 3686; baseline -0.002 0"><span class='ocrx_word' id='word_1_241' title='bbox 386 3633 798 3686; x_wconf 88' lang='lat' dir='ltr'><strong>documentum.</strong></span> 
     </span>
    </p>

    <p class='ocr_par' dir='ltr' id='par_1_30' title="bbox 297 3711 2075 3957">
     <span class='ocr_line' id='line_1_38' title="bbox 297 3711 2075 3790; baseline -0.007 -15"><span class='ocrx_word' id='word_1_242' title='bbox 297 3720 493 3775; x_wconf 88' lang='lat' dir='ltr'><strong>Animi</strong></span> <span class='ocrx_word' id='word_1_243' title='bbox 521 3720 695 3789; x_wconf 88' lang='lat' dir='ltr'><strong>gratia</strong></span> <span class='ocrx_word' id='word_1_244' title='bbox 714 3721 769 3772; x_wconf 90' lang='lat' dir='ltr'><strong>in</strong></span> <span class='ocrx_word' id='word_1_245' title='bbox 792 3719 954 3790; x_wconf 81' lang='lat' dir='ltr'><strong>Sylva</strong></span> <span class='ocrx_word' id='word_1_246' title='bbox 972 3718 1143 3773; x_wconf 88' lang='lat' dir='ltr'><strong>Plana</strong></span> <span class='ocrx_word' id='word_1_247' title='bbox 1163 3717 1544 3784; x_wconf 80' lang='lat' dir='ltr'><strong>deambulanS,</strong></span> <span class='ocrx_word' id='word_1_248' title='bbox 1566 3715 1634 3768; x_wconf 92' lang='lat' dir='ltr'><strong>de</strong></span> <span class='ocrx_word' id='word_1_249' title='bbox 1654 3714 1837 3767; x_wconf 81' lang='lat' dir='ltr'><strong>Africa</strong></span> <span class='ocrx_word' id='word_1_250' title='bbox 1856 3711 2075 3780; x_wconf 87' lang='lat' dir='ltr'><strong>cogitat,</strong></span> 
     </span>
     <span class='ocr_line' id='line_1_39' title="bbox 381 3795 2074 3874; baseline -0.005 -17"><span class='ocrx_word' id='word_1_251' title='bbox 381 3808 438 3857; x_wconf 91' lang='lat' dir='ltr'><strong>et</strong></span> <span class='ocrx_word' id='word_1_252' title='bbox 467 3803 845 3858; x_wconf 88' lang='lat' dir='ltr'><strong>intermissum</strong></span> <span class='ocrx_word' id='word_1_253' title='bbox 870 3803 1076 3858; x_wconf 90' lang='lat' dir='ltr'><strong>Poema</strong></span> <span class='ocrx_word' id='word_1_254' title='bbox 1111 3803 1300 3874; x_wconf 87' lang='lat' dir='ltr'><strong>paucis</strong></span> <span class='ocrx_word' id='word_1_255' title='bbox 1336 3802 1508 3857; x_wconf 82' lang='lat' dir='ltr'><strong>ferme</strong></span> <span class='ocrx_word' id='word_1_256' title='bbox 1546 3798 1742 3853; x_wconf 91' lang='lat' dir='ltr'><strong>diebus</strong></span> <span class='ocrx_word' id='word_1_257' title='bbox 1769 3797 1838 3852; x_wconf 89' lang='lat' dir='ltr'><strong>ad</strong></span> <span class='ocrx_word' id='word_1_258' title='bbox 1866 3795 2074 3851; x_wconf 82' lang='lat' dir='ltr'><strong>exitum</strong></span> 
     </span>
     <span class='ocr_line' id='line_1_40' title="bbox 384 3884 655 3957; baseline 0 -19"><span class='ocrx_word' id='word_1_259' title='bbox 384 3884 655 3957; x_wconf 86' lang='lat' dir='ltr'><strong>perducit.</strong></span> 
     </span>
    </p>

    <p class='ocr_par' dir='ltr' id='par_1_31' title="bbox 296 3960 2073 4108">
     <span class='ocr_line' id='line_1_41' title="bbox 296 3960 2073 4040; baseline -0.006 -16"><span class='ocrx_word' id='word_1_260' title='bbox 296 3971 542 4025; x_wconf 88' lang='lat' dir='ltr'><strong>Domum</strong></span> <span class='ocrx_word' id='word_1_261' title='bbox 572 3969 785 4023; x_wconf 81' lang='lat' dir='ltr'><strong>Parmae</strong></span> <span class='ocrx_word' id='word_1_262' title='bbox 824 3968 927 4023; x_wconf 91' lang='lat' dir='ltr'><strong>sibi</strong></span> <span class='ocrx_word' id='word_1_263' title='bbox 963 3974 1273 4040; x_wconf 88' lang='lat' dir='ltr'><strong>comparat:</strong></span> <span class='ocrx_word' id='word_1_264' title='bbox 1306 3968 1365 4022; x_wconf 93' lang='lat' dir='ltr'><strong>ni</strong></span> <span class='ocrx_word' id='word_1_265' title='bbox 1390 3967 1551 4035; x_wconf 84' lang='lat' dir='ltr'><strong>sorte,</strong></span> <span class='ocrx_word' id='word_1_266' title='bbox 1583 3965 1845 4019; x_wconf 81' lang='lat' dir='ltr'><strong>adversus</strong></span> <span class='ocrx_word' id='word_1_267' title='bbox 1872 3962 1952 4015; x_wconf 91' lang='lat' dir='ltr'><strong>De</strong></span> <span class='ocrx_word' id='word_1_268' title='bbox 1981 3960 2073 4015; x_wconf 88' lang='lat' dir='ltr'><strong>Sa·</strong></span> 
     </span>
     <span class='ocr_line' id='line_1_42' title="bbox 384 4049 1801 4119; baseline -0.004 -12"><span class='ocrx_word' id='word_1_269' title='bbox 384 4053 560 4119; x_wconf 91' lang='lat' dir='ltr'><strong>dium,</strong></span> <span class='ocrx_word' id='word_1_270' title='bbox 593 4052 648 4106; x_wconf 91' lang='lat' dir='ltr'><strong>id</strong></span> <span class='ocrx_word' id='word_1_271' title='bbox 677 4052 826 4108; x_wconf 89' lang='lat' dir='ltr'><strong>dicas</strong></span> <span class='ocrx_word' id='word_1_272' title='bbox 853 4068 998 4107; x_wconf 91' lang='lat' dir='ltr'><strong>anno</strong></span> <span class='ocrx_word' id='word_1_273' title='bbox 1024 4051 1170 4105; x_wconf 77' lang='lat'><strong>1344</strong></span> <span class='ocrx_word' id='word_1_274' title='bbox 1195 4050 1264 4104; x_wconf 90' lang='lat' dir='ltr'><strong>ab</strong></span> <span class='ocrx_word' id='word_1_275' title='bbox 1291 4067 1355 4104; x_wconf 91' lang='lat' dir='ltr'><strong>eo</strong></span> <span class='ocrx_word' id='word_1_276' title='bbox 1383 4051 1588 4105; x_wconf 88' lang='lat' dir='ltr'><strong>sactum</strong></span> <span class='ocrx_word' id='word_1_277' title='bbox 1614 4049 1801 4103; x_wconf 77' lang='lat' dir='ltr'><strong>fuisse.</strong></span> 
     </span>
    </p>
   </div>
   <div class='ocr_carea' id='block_1_8' title="bbox 299 4131 2197 4208">
    <p class='ocr_par' dir='ltr' id='par_1_32' title="bbox 299 4131 2197 4208">
     <span class='ocr_line' id='line_1_43' title="bbox 299 4131 2197 4208; baseline -0.004 -16"><span class='ocrx_word' id='word_1_278' title='bbox 299 4138 540 4192; x_wconf 85' lang='lat' dir='ltr'><strong>Mortem</strong></span> <span class='ocrx_word' id='word_1_279' title='bbox 570 4135 822 4208; x_wconf 88' lang='lat' dir='ltr'><strong>Episcopi</strong></span> <span class='ocrx_word' id='word_1_280' title='bbox 848 4135 1297 4191; x_wconf 87' lang='lat' dir='ltr'><strong>Lombcriensis</strong></span> <span class='ocrx_word' id='word_1_281' title='bbox 1284 4152 1342 4190; x_wconf 87' lang='lat' dir='ltr'><strong>m</strong></span> <span class='ocrx_word' id='word_1_282' title='bbox 1372 4134 1586 4191; x_wconf 89' lang='lat' dir='ltr'><strong>somnio</strong></span> <span class='ocrx_word' id='word_1_283' title='bbox 1615 4134 1751 4189; x_wconf 88' lang='lat' dir='ltr'><strong>mire</strong></span> <span class='ocrx_word' id='word_1_284' title='bbox 1771 4131 2069 4205; x_wconf 75' lang='lat' dir='ltr'><strong>praesentit,</strong></span> <span class='ocrx_word' id='word_1_285' title='bbox 2156 4144 2197 4179; x_wconf 70' lang='lat' dir='ltr'><strong>r</strong></span> 
     </span>
    </p>
   </div>
   <div class='ocr_carea' id='block_1_9' title="bbox 383 4219 1254 4291">
    <p class='ocr_par' dir='ltr' id='par_1_33' title="bbox 383 4219 1254 4291">
     <span class='ocr_line' id='line_1_44' title="bbox 383 4219 1254 4291; baseline -0.002 -18"><span class='ocrx_word' id='word_1_286' title='bbox 383 4237 450 4274; x_wconf 87' lang='lat' dir='ltr'><strong>ea</strong></span> <span class='ocrx_word' id='word_1_287' title='bbox 478 4219 597 4291; x_wconf 88' lang='lat' dir='ltr'><strong>ipsa</strong></span> <span class='ocrx_word' id='word_1_288' title='bbox 625 4225 784 4275; x_wconf 90' lang='lat' dir='ltr'><strong>nocte</strong></span> <span class='ocrx_word' id='word_1_289' title='bbox 810 4236 922 4291; x_wconf 88' lang='lat' dir='ltr'><strong>qua</strong></span> <span class='ocrx_word' id='word_1_290' title='bbox 949 4220 1126 4274; x_wconf 90' lang='lat' dir='ltr'><strong>elatus</strong></span> <span class='ocrx_word' id='word_1_291' title='bbox 1153 4224 1254 4273; x_wconf 88' lang='lat' dir='ltr'><strong>est.</strong></span> 
     </span>
    </p>
   </div>
   <div class='ocr_carea' id='block_1_10' title="bbox 2288 374 2542 423">
    <p class='ocr_par' dir='ltr' id='par_1_34' title="bbox 2288 374 2542 423">
     <span class='ocr_line' id='line_1_45' title="bbox 2288 374 2542 423; baseline 0.004 -1"><span class='ocrx_word' id='word_1_292' title='bbox 2288 374 2542 423; x_wconf 76' lang='lat' dir='ltr'>CXXXVH</span> 
     </span>
    </p>
   </div>
   <div class='ocr_carea' id='block_1_11' title="bbox 2163 544 2424 591">
    <p class='ocr_par' dir='ltr' id='par_1_35' title="bbox 2163 544 2424 591">
     <span class='ocr_line' id='line_1_46' title="bbox 2163 544 2424 591; baseline -0.004 -10"><span class='ocrx_word' id='word_1_293' title='bbox 2163 545 2254 581; x_wconf 72' lang='lat' dir='ltr'><strong>nou</strong></span> <span class='ocrx_word' id='word_1_294' title='bbox 2278 544 2337 591; x_wconf 69' lang='grc' dir='ltr'><strong>ιε,</strong></span> <span class='ocrx_word' id='word_1_295' title='bbox 2351 545 2424 582; x_wconf 84' lang='lat' dir='ltr'><strong>vn.</strong></span> 
     </span>
    </p>
   </div>
   <div class='ocr_carea' id='block_1_12' title="bbox 2163 712 2407 759">
    <p class='ocr_par' dir='ltr' id='par_1_36' title="bbox 2163 712 2407 759">
     <span class='ocr_line' id='line_1_47' title="bbox 2163 712 2407 759; baseline 0 -7"><span class='ocrx_word' id='word_1_296' title='bbox 2163 714 2253 752; x_wconf 68' lang='lat' dir='ltr'><strong>not·</strong></span> <span class='ocrx_word' id='word_1_297' title='bbox 2269 712 2326 759; x_wconf 66' lang='grc' dir='ltr'><strong>ιδ,</strong></span> <span class='ocrx_word' id='word_1_298' title='bbox 2345 715 2407 752; x_wconf 83' lang='lat' dir='ltr'><strong>ix.</strong></span> 
     </span>
    </p>
   </div>
   <div class='ocr_carea' id='block_1_13' title="bbox 2165 971 2594 1106">
    <p class='ocr_par' dir='ltr' id='par_1_37' title="bbox 2165 971 2594 1106">
     <span class='ocr_line' id='line_1_48' title="bbox 2196 971 2594 1018; baseline 0.003 -10.154"><span class='ocrx_word' id='word_1_299' title='bbox 2196 971 2401 1018; x_wconf 65' lang='lat' dir='ltr'><strong>1».de</strong></span> <span class='ocrx_word' id='word_1_300' title='bbox 2585 981 2594 990; x_wconf 61' lang='grc'><strong><em>“</em></strong></span> 
     </span>
     <span class='ocr_line' id='line_1_49' title="bbox 2165 983 2552 1068; baseline 0.013 -15"><span class='ocrx_word' id='word_1_301' title='bbox 2165 983 2377 1054; x_wconf 65' lang='lat' dir='ltr'><strong>Des-im</strong></span> <span class='ocrx_word' id='word_1_302' title='bbox 2388 1021 2552 1068; x_wconf 72' lang='lat'><strong>,1⁸.1,</strong></span> 
     </span>
     <span class='ocr_line' id='line_1_50' title="bbox 2234 1029 2399 1106; baseline 0.017 -8"><span class='ocrx_word' id='word_1_303' title='bbox 2234 1029 2399 1106; x_wconf 38' lang='grc' dir='ltr'><strong>ιμ’-’μω</strong></span> 
     </span>
    </p>
   </div>
   <div class='ocr_carea' id='block_1_14' title="bbox 2165 1137 2444 1183">
    <p class='ocr_par' dir='ltr' id='par_1_38' title="bbox 2165 1137 2444 1183">
     <span class='ocr_line' id='line_1_51' title="bbox 2165 1137 2444 1183; baseline -0.004 -9"><span class='ocrx_word' id='word_1_304' title='bbox 2165 1137 2256 1174; x_wconf 66' lang='lat' dir='ltr'><strong>unt·</strong></span> <span class='ocrx_word' id='word_1_305' title='bbox 2270 1137 2306 1183; x_wconf 81' lang='lat'><strong>2,</strong></span> <span class='ocrx_word' id='word_1_306' title='bbox 2323 1139 2444 1176; x_wconf 82' lang='lat' dir='ltr'><strong>xviii.</strong></span> 
     </span>
    </p>
   </div>
   <div class='ocr_carea' id='block_1_15' title="bbox 2164 1384 2383 1430">
    <p class='ocr_par' dir='ltr' id='par_1_39' title="bbox 2164 1384 2383 1430">
     <span class='ocr_line' id='line_1_52' title="bbox 2164 1384 2383 1430; baseline 0 -9"><span class='ocrx_word' id='word_1_307' title='bbox 2164 1384 2254 1421; x_wconf 69' lang='lat' dir='ltr'><strong>Nota</strong></span> <span class='ocrx_word' id='word_1_308' title='bbox 2267 1388 2303 1430; x_wconf 81' lang='lat'><strong>¹1,</strong></span> <span class='ocrx_word' id='word_1_309' title='bbox 2318 1385 2383 1422; x_wconf 82' lang='lat'><strong>111.</strong></span> 
     </span>
    </p>
   </div>
   <div class='ocr_carea' id='block_1_16' title="bbox 2163 1554 2496 1601">
    <p class='ocr_par' dir='ltr' id='par_1_40' title="bbox 2163 1554 2496 1601">
     <span class='ocr_line' id='line_1_53' title="bbox 2163 1554 2496 1601; baseline 0.009 -12"><span class='ocrx_word' id='word_1_310' title='bbox 2163 1554 2202 1589; x_wconf 80' lang='lat' dir='ltr'><strong>r.</strong></span> <span class='ocrx_word' id='word_1_311' title='bbox 2216 1555 2252 1601; x_wconf 64' lang='grc' dir='ltr'><strong>ε,</strong></span> <span class='ocrx_word' id='word_1_312' title='bbox 2264 1554 2326 1601; x_wconf 79' lang='lat' dir='ltr'><strong>iv.</strong></span> <span class='ocrx_word' id='word_1_313' title='bbox 2340 1555 2377 1592; x_wconf 74' lang='grc' dir='ltr'><strong>οι</strong></span> <span class='ocrx_word' id='word_1_314' title='bbox 2393 1556 2496 1593; x_wconf 62' lang='grc' dir='ltr'><strong>μοι..</strong></span> 
     </span>
    </p>
   </div>
   <div class='ocr_carea' id='block_1_17' title="bbox 2162 1808 2475 1854">
    <p class='ocr_par' dir='ltr' id='par_1_41' title="bbox 2162 1808 2475 1854">
     <span class='ocr_line' id='line_1_54' title="bbox 2162 1808 2475 1854; baseline 0.013 -11"><span class='ocrx_word' id='word_1_315' title='bbox 2162 1809 2201 1844; x_wconf 70' lang='grc' dir='ltr'><strong>Ρ.</strong></span> <span class='ocrx_word' id='word_1_316' title='bbox 2218 1808 2276 1854; x_wconf 83' lang='lat' dir='ltr'><strong>iv,</strong></span> <span class='ocrx_word' id='word_1_317' title='bbox 2291 1810 2312 1845; x_wconf 69' lang='lat'><strong>⁴</strong></span> <span class='ocrx_word' id='word_1_318' title='bbox 2323 1812 2360 1846; x_wconf 65' lang='grc' dir='ltr'><strong>οι</strong></span> <span class='ocrx_word' id='word_1_319' title='bbox 2373 1810 2475 1847; x_wconf 67' lang='lat' dir='ltr'><strong>nui..</strong></span> 
     </span>
    </p>
   </div>
   <div class='ocr_carea' id='block_1_18' title="bbox 2162 2050 2554 2142">
    <p class='ocr_par' dir='ltr' id='par_1_42' title="bbox 2162 2050 2554 2142">
     <span class='ocr_line' id='line_1_55' title="bbox 2162 2050 2541 2093; baseline 0.021 -8"><span class='ocrx_word' id='word_1_320' title='bbox 2162 2050 2201 2086; x_wconf 79' lang='lat' dir='ltr'><strong>r.</strong></span> <span class='ocrx_word' id='word_1_321' title='bbox 2219 2051 2277 2092; x_wconf 82' lang='lat' dir='ltr'><strong>iv.</strong></span> <span class='ocrx_word' id='word_1_322' title='bbox 2292 2052 2317 2089; x_wconf 77' lang='grc' dir='ltr'><strong><em>ο</em></strong></span> <span class='ocrx_word' id='word_1_323' title='bbox 2351 2055 2388 2089; x_wconf 60' lang='grc' dir='ltr'><strong>ιι</strong></span> <span class='ocrx_word' id='word_1_324' title='bbox 2411 2054 2541 2093; x_wconf 64' lang='grc' dir='ltr'>καίεο</span> 
     </span>
     <span class='ocr_line' id='line_1_56' title="bbox 2229 2076 2554 2142; baseline -0.006 -10"><span class='ocrx_word' id='word_1_325' title='bbox 2229 2098 2266 2142; x_wconf 76' lang='grc' dir='ltr'><strong>τ,</strong></span> <span class='ocrx_word' id='word_1_326' title='bbox 2283 2076 2340 2134; x_wconf 69' lang='lat' dir='ltr'><strong>iv’.</strong></span> <span class='ocrx_word' id='word_1_327' title='bbox 2544 2084 2554 2104; x_wconf 88' lang='lat'>’</span> 
     </span>
    </p>
   </div>
   <div class='ocr_carea' id='block_1_19' title="bbox 2164 2219 2487 2266">
    <p class='ocr_par' dir='ltr' id='par_1_43' title="bbox 2164 2219 2487 2266">
     <span class='ocr_line' id='line_1_57' title="bbox 2164 2219 2487 2266; baseline 0.012 -12"><span class='ocrx_word' id='word_1_328' title='bbox 2164 2219 2202 2254; x_wconf 76' lang='lat' dir='ltr'><strong>r.</strong></span> <span class='ocrx_word' id='word_1_329' title='bbox 2218 2221 2314 2266; x_wconf 59' lang='lat' dir='ltr'><strong>ivn</strong></span> <span class='ocrx_word' id='word_1_330' title='bbox 2335 2222 2371 2257; x_wconf 66' lang='lat' dir='ltr'><strong>et</strong></span> <span class='ocrx_word' id='word_1_331' title='bbox 2385 2223 2487 2258; x_wconf 62' lang='lat' dir='ltr'><strong>mot..</strong></span> 
     </span>
    </p>
   </div>
   <div class='ocr_carea' id='block_1_20' title="bbox 2164 2800 2374 2847">
    <p class='ocr_par' dir='ltr' id='par_1_44' title="bbox 2164 2800 2374 2847">
     <span class='ocr_line' id='line_1_58' title="bbox 2164 2800 2374 2847; baseline 0.005 -12"><span class='ocrx_word' id='word_1_332' title='bbox 2164 2800 2254 2836; x_wconf 68' lang='lat' dir='ltr'><strong>Not·</strong></span> <span class='ocrx_word' id='word_1_333' title='bbox 2266 2803 2303 2847; x_wconf 80' lang='grc' dir='ltr'><strong>τ,</strong></span> <span class='ocrx_word' id='word_1_334' title='bbox 2319 2803 2374 2838; x_wconf 82' lang='grc' dir='ltr'><strong>ιν.</strong></span> 
     </span>
    </p>
   </div>
   <div class='ocr_carea' id='block_1_21' title="bbox 2160 2966 2442 3017">
    <p class='ocr_par' dir='ltr' id='par_1_45' title="bbox 2160 2966 2442 3017">
     <span class='ocr_line' id='line_1_59' title="bbox 2160 2966 2442 3017; baseline 0.014 -13"><span class='ocrx_word' id='word_1_335' title='bbox 2160 2966 2260 3006; x_wconf 64' lang='lat' dir='ltr'><strong>Nota</strong></span> <span class='ocrx_word' id='word_1_336' title='bbox 2274 2969 2364 3017; x_wconf 78' lang='grc'><strong>’1,8,</strong></span> <span class='ocrx_word' id='word_1_337' title='bbox 2382 2971 2442 3008; x_wconf 83' lang='lat' dir='ltr'><strong>lv.</strong></span> 
     </span>
    </p>
   </div>
   <div class='ocr_carea' id='block_1_22' title="bbox 2159 3213 2431 3592">
    <p class='ocr_par' dir='ltr' id='par_1_46' title="bbox 2159 3213 2431 3592">
     <span class='ocr_line' id='line_1_60' title="bbox 2160 3213 2431 3263; baseline 0 -14"><span class='ocrx_word' id='word_1_338' title='bbox 2160 3214 2257 3252; x_wconf 70' lang='lat' dir='ltr'><strong>Notae</strong></span> <span class='ocrx_word' id='word_1_339' title='bbox 2269 3214 2306 3261; x_wconf 82' lang='lat'><strong>7,</strong></span> <span class='ocrx_word' id='word_1_340' title='bbox 2322 3216 2358 3263; x_wconf 83' lang='lat'><strong>8,</strong></span> <span class='ocrx_word' id='word_1_341' title='bbox 2373 3213 2431 3252; x_wconf 73' lang='grc' dir='ltr'><strong>Π.</strong></span> 
     </span>
     <span class='ocr_line' id='line_1_61' title="bbox 2161 3386 2329 3432; baseline -0.006 -13"><span class='ocrx_word' id='word_1_342' title='bbox 2161 3386 2199 3420; x_wconf 69' lang='lat' dir='ltr'><strong>r.</strong></span> <span class='ocrx_word' id='word_1_343' title='bbox 2222 3386 2282 3432; x_wconf 81' lang='lat' dir='ltr'><strong>iv,</strong></span> <span class='ocrx_word' id='word_1_344' title='bbox 2294 3387 2329 3423; x_wconf 81' lang='grc' dir='ltr'><strong>ο.</strong></span> 
     </span>
     <span class='ocr_line' id='line_1_62' title="bbox 2159 3545 2374 3592; baseline -0.009 -11"><span class='ocrx_word' id='word_1_345' title='bbox 2159 3546 2249 3582; x_wconf 71' lang='lat' dir='ltr'><strong>Not·</strong></span> <span class='ocrx_word' id='word_1_346' title='bbox 2263 3546 2300 3592; x_wconf 77' lang='lat' dir='ltr'><strong>s,</strong></span> <span class='ocrx_word' id='word_1_347' title='bbox 2318 3545 2374 3582; x_wconf 81' lang='lat' dir='ltr'><strong>iv.</strong></span> 
     </span>
    </p>
   </div>
   <div class='ocr_carea' id='block_1_23' title="bbox 2159 3710 2549 3850">
    <p class='ocr_par' dir='ltr' id='par_1_47' title="bbox 2159 3710 2549 3850">
     <span class='ocr_line' id='line_1_63' title="bbox 2159 3710 2419 3748; baseline 0 -1"><span class='ocrx_word' id='word_1_348' title='bbox 2159 3712 2245 3748; x_wconf 71' lang='lat' dir='ltr'><strong>uit.</strong></span> <span class='ocrx_word' id='word_1_349' title='bbox 2261 3710 2305 3747; x_wconf 73' lang='lat' dir='ltr'><strong>ad</strong></span> <span class='ocrx_word' id='word_1_350' title='bbox 2326 3712 2419 3747; x_wconf 70' lang='lat' dir='ltr'><strong>rut.</strong></span> 
     </span>
     <span class='ocr_line' id='line_1_64' title="bbox 2160 3756 2549 3803; baseline 0.005 -12"><span class='ocrx_word' id='word_1_351' title='bbox 2160 3757 2229 3803; x_wconf 78' lang='lat' dir='ltr'><strong>Ep.</strong></span> <span class='ocrx_word' id='word_1_352' title='bbox 2252 3756 2346 3792; x_wconf 66' lang='lat' dir='ltr'><strong>root.</strong></span> <span class='ocrx_word' id='word_1_353' title='bbox 2369 3757 2418 3801; x_wconf 81' lang='lat'><strong>11,</strong></span> <span class='ocrx_word' id='word_1_354' title='bbox 2444 3758 2487 3795; x_wconf 78' lang='grc'><strong>16</strong></span> <span class='ocrx_word' id='word_1_355' title='bbox 2515 3760 2549 3794; x_wconf 80' lang='lat' dir='ltr'><strong>et</strong></span> 
     </span>
     <span class='ocr_line' id='line_1_65' title="bbox 2224 3801 2520 3850; baseline 0.007 -12"><span class='ocrx_word' id='word_1_356' title='bbox 2224 3802 2280 3850; x_wconf 69' lang='lat'><strong>18,</strong></span> <span class='ocrx_word' id='word_1_357' title='bbox 2296 3801 2386 3839; x_wconf 72' lang='lat' dir='ltr'><strong>Not·</strong></span> <span class='ocrx_word' id='word_1_358' title='bbox 2408 3804 2446 3849; x_wconf 74' lang='lat'><strong>9,</strong></span> <span class='ocrx_word' id='word_1_359' title='bbox 2459 3805 2520 3840; x_wconf 84' lang='lat' dir='ltr'><strong>lv.</strong></span> 
     </span>
    </p>
   </div>
   <div class='ocr_carea' id='block_1_24' title="bbox 2159 3972 2536 4019">
    <p class='ocr_par' dir='ltr' id='par_1_48' title="bbox 2159 3972 2536 4019">
     <span class='ocr_line' id='line_1_66' title="bbox 2159 3972 2536 4019; baseline 0.005 -12"><span class='ocrx_word' id='word_1_360' title='bbox 2159 3972 2209 4007; x_wconf 75' lang='lat' dir='ltr'><strong>No</strong></span> <span class='ocrx_word' id='word_1_361' title='bbox 2328 3972 2388 4019; x_wconf 80' lang='lat' dir='ltr'><strong>lv,</strong></span> <span class='ocrx_word' id='word_1_362' title='bbox 2412 3974 2455 4010; x_wconf 78' lang='grc'><strong>16</strong></span> <span class='ocrx_word' id='word_1_363' title='bbox 2490 3974 2536 4009; x_wconf 66' lang='lat' dir='ltr'><strong>lx</strong></span> 
     </span>
    </p>
   </div>
   <div class='ocr_carea' id='block_1_25' title="bbox 2188 3972 2551 4188">
    <p class='ocr_par' dir='ltr' id='par_1_49' title="bbox 2188 3972 2551 4179">
     <span class='ocr_line' id='line_1_67' title="bbox 2188 3972 2551 4065; baseline 0.003 -14.065"><span class='ocrx_word' id='word_1_364' title='bbox 2188 3972 2305 4051; x_wconf 52' lang='grc' dir='ltr'><strong>οῗ</strong></span> <span class='ocrx_word' id='word_1_365' title='bbox 2306 3999 2424 4065; x_wconf 55' lang='lat' dir='ltr'><strong>naida,</strong></span> <span class='ocrx_word' id='word_1_366' title='bbox 2446 3998 2486 4055; x_wconf 66' lang='lat' dir='ltr'><strong>&#39;i&#39;</strong></span> <span class='ocrx_word' id='word_1_367' title='bbox 2507 3999 2551 4053; x_wconf 57' lang='lat' dir='ltr'><strong>n}</strong></span> 
     </span>
     <span class='ocr_line' id='line_1_68' title="bbox 2222 4064 2382 4107; baseline 0 -7"><span class='ocrx_word' id='word_1_368' title='bbox 2222 4070 2267 4107; x_wconf 74' lang='lat' dir='ltr'><strong>p·</strong></span> <span class='ocrx_word' id='word_1_369' title='bbox 2322 4064 2382 4100; x_wconf 97' lang='grc'><strong>21</strong></span> 
     </span>
     <span class='ocr_line' id='line_1_69' title="bbox 2214 4142 2258 4188; baseline 0 -9"><span class='ocrx_word' id='word_1_370' title='bbox 2214 4142 2258 4188; x_wconf 76' lang='lat' dir='ltr'><strong>V,</strong></span> 
     </span>
    </p>
   </div>
   <div class='ocr_carea' id='block_1_26' title="bbox 2269 3972 2313 4178">
    <p class='ocr_par' dir='ltr' id='par_1_50' title="bbox 2269 3972 2305 4177">
     <span class='ocr_line' id='line_1_70' title="bbox 2269 3972 2305 4014; baseline 0 -6"><span class='ocrx_word' id='word_1_371' title='bbox 2269 3972 2305 4014; x_wconf 77' lang='grc'><strong>0,</strong></span> 
     </span>
     <span class='ocr_line' id='line_1_71' title="bbox 2282 4019 2303 4051; baseline 0 0"><span class='ocrx_word' id='word_1_372' title='bbox 2282 4019 2303 4051; x_wconf 88' lang='lat' dir='ltr'><strong>S</strong></span> 
     </span>
     <span class='ocr_line' id='line_1_72' title="bbox 2270 4071 2305 4107; baseline 0 0"><span class='ocrx_word' id='word_1_373' title='bbox 2270 4071 2305 4107; x_wconf 69' lang='lat'><strong>8·</strong></span> 
     </span>
     <span class='ocr_line' id='line_1_73' title="bbox 2275 4143 2313 4178; baseline 0 -1"><span class='ocrx_word' id='word_1_374' title='bbox 2275 4143 2313 4178; x_wconf 76' lang='lat'><strong>7.</strong></span> 
     </span>
    </p>
   </div>
  </div>
 </body>
</html>
