3104 4805
536 352 645 400 VIII
1338 354 1865 406 PROLEGOHENON.

588 492 680 546 IV.
718 491 877 548 1495.
917 492 1212 548 Librorum
1239 490 1330 546 Fr.
1363 493 1675 549 Petrarchae
1700 496 2099 567 impressorum
2126 499 2423 554 annotatiO.
2453 499 2678 557 Basileae

912 622 919 633 .
988 599 1089 654 per
1115 582 1258 652 Mag.
1289 581 1597 638 Johannem
1623 584 1704 638 De
1730 585 2058 641 Amerbach.
2090 586 2205 642 Fol.
2237 589 2344 643 vol.
2373 590 2428 644 1.

918 671 1086 726 Hanc
1103 671 1427 729 Baldellius
1447 675 1548 728 loc.
1572 675 1671 728 cit.
1695 676 1900 730 asserit
1915 693 1973 730 se
1999 677 2205 733 vidisse
2232 678 2297 733 in
2322 679 2680 735 Bibliotheca

995 761 1407 817 Tramorotana.

614 846 679 902 V.
719 847 878 904 1496.
919 848 1126 904 Eadem
1153 867 1277 921 quae
1307 868 1475 924 supra
1500 866 1566 907 n0
1593 852 1684 907 IV.

923 939 1047 994 Cat.
1079 939 1354 1009 Rossetti‚
1381 955 1450 996 no
1477 940 1584 1005 60.

589 1022 682 1078 VI.
721 1025 879 1081 1497.
920 1025 1126 1081 Eadem
1155 1044 1279 1099 quae
1307 1046 1431 1101 sup.
1463 1046 1520 1084 n.
1555 1030 1628 1085 IV
1656 1036 1711 1087 et
1735 1032 1800 1087 V.

920 1114 1088 1169 Hanc
1114 1116 1251 1171 citat
1278 1116 1559 1174 Lazzerus
1587 1118 1651 1173 in
1677 1121 1912 1177 Miscell.
1944 1140 2017 1178 ex
2042 1126 2173 1181 Mss.
2207 1127 2302 1182 lib.
2337 1129 2476 1184 Coll.
2508 1130 2673 1185 Rom.

991 1206 1117 1261 Soc.
1148 1208 1303 1262 Jesu.
1335 1208 1539 1264 Romae
1557 1199 1673 1281 per
1699 1211 2110 1284 Paqlierinum
2141 1216 2327 1284 1754,
2362 1218 2420 1272 Τ.
2450 1218 2508 1272 2.

559 1291 679 1346 VII.
718 1291 876 1348 1501.
914 1293 1209 1349 Librorum
1230 1295 1321 1352 Fr.
1353 1297 1663 1354 Petrarchae
1683 1302 1979 1358 annotatio.
2004 1305 2248 1361 Venetiis
2274 1324 2374 1378 per
2399 1308 2678 1363 Simonem

989 1382 1069 1437 De
1096 1383 1273 1440 Luere
1299 1385 1551 1458 impensa
1577 1388 1798 1445 Domini
1816 1391 2055 1448 Andreae
2075 1395 2365 1451 Torresani
2391 1396 2459 1452 de
2485 1398 2675 1453 Asula.

992 1470 1110 1527 Fol.
1140 1475 1247 1529 vol.
1280 1475 1336 1529 1.
2463 1510 2476 1521 ’

916 1559 1161 1615 Rossetti
1190 1561 1375 1617 Catal.
1406 1577 1476 1618 no
1501 1563 1602 1621 64.
1635 1567 1825 1625 Huius
1852 1570 2123 1626 editionis
2141 1572 2437 1628 Baldellus
2457 1574 2557 1628 loc.
2580 1575 2675 1629 cit.

988 1650 1100 1705 duo
1146 1652 1284 1708 citat
1330 1658 1699 1727 exemplaria
1744 1660 1997 1714 alterum
2043 1660 2197 1716 diem
2235 1665 2564 1733 proeferens
2597 1662 2677 1717 22

988 1740 1226 1809 martii,
1265 1744 1520 1799 alterum
1557 1746 1713 1801 diem
1754 1748 1829 1804 17
1846 1750 2013 1819 junii
2039 1750 2295 1805 eiusdem
2321 1753 2468 1805 anni
2498 1752 2674 1807 1501.

533 1825 679 1880 VIII.
718 1825 877 1883 1503.
916 1827 1210 1886 Librorum
1238 1831 1328 1888 Fr.
1360 1834 1670 1891 Petrarchae
1696 1836 2094 1910 impressorum
2121 1841 2416 1895 annotatio.
2438 1840 2680 1895 Venetiis

985 1937 1086 1992 per
1103 1922 1385 1977 Simonem
1404 1925 1730 1997 Papiensem
1750 1928 1958 1983 dictum
1978 1930 2318 2002 Bivilaquam
2336 1931 2424 1985 die
2442 1931 2513 1985 15
2531 1932 2674 1987 Iulii.

917 2008 1164 2063 Rossetti
1201 2011 1386 2067 Catal.
1424 2028 1493 2068 no
1519 2014 1634 2071 68:
1662 2016 1959 2074 Baldellus
1997 2020 2097 2074 loc.
2127 2021 2220 2074 cit.
2253 2022 2405 2076 Huic
2440 2022 2681 2077 editioni

978 2095 1326 2165 plerumque
1380 2100 1651 2156 adsuitur
1705 2105 2037 2162 Bucontcmu
2090 2122 2319 2163 omum
2375 2123 2490 2163 cun
2545 2123 2681 2163 cou-

986 2195 1182 2236 umwo
1218 2183 1554 2240 BENVENnrt
1591 2188 1896 2246 Iuomnsm
1939 2208 2054 2248 PER
2088 2197 2339 2251 Mancini
2375 2198 2680 2254 Homoono

986 2284 1060 2324 nn
1106 2271 1379 2327 Vsnmns
1433 2288 1711 2331 uccccxw
1765 2292 1860 2333 nm
1905 2295 1962 2334 vi
2006 2296 2182 2353 mm,
2236 2285 2338 2338 ubi
2390 2287 2682 2342 evidenter

981 2362 1145 2430 patet
1191 2360 1497 2432 leyendum
1541 2379 1659 2418 esse
1696 2379 1891 2422 unxvl.
1940 2368 2129 2425 Plura
2170 2373 2377 2442 forsan
2412 2374 2681 2429 editionis

988 2465 1026 2502 a
1068 2448 1305 2503 Simone
1343 2457 1604 2522 peractoe
1640 2459 2005 2527 exemplaria
2040 2459 2106 2514 in
2131 2478 2341 2517 manus
2368 2464 2682 2535 Horiqonii

981 2551 1328 2608 pervenere,
1380 2542 1482 2611 qui
1535 2559 1717 2613 quum
1762 2547 1994 2602 diversa
2037 2550 2445 2607 characterum
2484 2556 2683 2625 forma

985 2624 1324 2683 Bucolicum
1358 2646 1598 2686 carmen
1635 2633 2043 2706 impressisset,
2081 2639 2185 2693 hoc
2220 2641 2340 2695 illis
2377 2642 2679 2712 adiunxit,

989 2729 1234 2784 operum
1263 2717 1452 2773 indice
1479 2719 1688 2777 iisdem
1712 2725 2143 2783 characteribus
2171 2730 2368 2786 addito
2402 2733 2467 2786 in
2489 2736 2682 2805 fronte

988 2804 1316 2861 voluminis.

614 3160 682 3213 X.
722 3159 881 3216 1554.
922 3161 1012 3217 Fr.
1043 3165 1353 3222 Petrarchae
1382 3167 1563 3240 Opera
1590 3172 1792 3226 omnia.
1825 3174 2052 3231 Basileae
2078 3193 2179 3248 per
2204 3176 2503 3234 Henricum
2529 3178 2676 3232 Petri

988 3249 1048 3303 in
1074 3250 1169 3305 sol.
1200 3253 1309 3308 vol.
1340 3253 1394 3309 2.

919 3337 1165 3395 Rossetti
1194 3342 1379 3398 Catal.
1409 3358 1478 3399 no
1504 3347 1648 3403 210.

579 3423 674 3477 XI.
713 3423 871 3480 1558.
913 3424 1004 3481 Fr.
1027 3428 1301 3484 Petrarca.
1325 3432 1604 3506 Bucolica,
1625 3435 1830 3508 Africa,
1850 3445 1905 3495 et
1923 3439 2197 3512 Epistolae.
2221 3443 2445 3499 Basileae
2465 3442 2583 3498 sine
2602 3448 2680 3515 ty-

990 3532 1145 3588 pogr.
1175 3520 1428 3592 nomine,
1457 3522 1547 3592 80,
1575 3525 1682 3579 vol.
1712 3524 1763 3580 1.

921 3605 1166 3661 Rossetti
1195 3608 1318 3663 Cat.
1349 3623 1417 3664 no
1442 3611 1586 3667 224.

564 3690 685 3745 XII.
724 3691 884 3749 1581.
925 3693 1016 3750 Fr.
1064 3698 1374 3755 Petrarchae
1421 3702 1604 3775 Opera
1639 3706 1840 3760 omnia.
1881 3706 2108 3763 Basileae
2153 3725 2253 3781 per
2298 3708 2677 3765 Sebastianum

993 3784 1436 3860 Henricpetrum.

921 3872 1168 3929 Rossetti
1197 3877 1320 3932 Cat.
1351 3893 1419 3934 no
1444 3880 1589 3937 290.

539 3953 687 4009 XIII.
718 3955 877 4013 1601.
918 3958 1009 4015 Fr.
1040 3963 1350 4022 Petrarchae
1379 3968 1752 4040 Epistolarum
1777 3972 1902 4028 libri
1931 3974 2111 4043 XVII,
2133 3991 2198 4029 ex
2217 3973 2349 4028 Cod.
2370 3974 2418 4027 J.
2443 3972 2674 4029 Chalasii

992 4050 1084 4120 8⁰,
1117 4055 1224 4109 vol.
1257 4055 1285 4109 1
1308 4097 1323 4125 ,
1353 4074 1453 4127 per
1478 4060 1707 4116 Petrum
1736 4061 2107 4118 Roverianum
2132 4062 2275 4132 (sine
2301 4061 2459 4131 loco).

923 4138 1168 4197 Rossetti
1195 4143 1318 4199 Cat.
1347 4147 1486 4201 840.
