3104 4805
929 392 1115 441 mmm
1159 392 1450 442 'rennos
1476 392 1885 443 —EPISTOLA
1928 396 1967 443 1.
2411 385 2527 446 139

360 558 523 608 men
571 535 866 622 omisso,
935 558 1081 607 rem
1147 536 1314 628 agit,
1359 547 1431 608 et
1492 537 1584 609 ad
1650 539 1837 609 hunc
1885 541 2028 610 fere
2078 541 2363 613 modum
2416 543 2527 614 ille

359 661 692 755 disputat.
738 660 840 731 Tu
884 667 1128 744 testeS,
1181 681 1362 752 quos
1412 659 1703 745 inducit,
1757 663 2086 735 examina
2134 687 2342 755 quam
2395 665 2528 737 sibi

363 793 700 870 constent,
743 795 813 855 et
850 794 1112 878 quanta
1155 783 1245 855 sit
1283 783 1486 855 dictis
1530 782 1704 856 fides
1748 784 2110 877 intelliges.
2152 789 2303 879 Ego
2342 790 2526 860 enim

361 931 546 982 nunc
587 930 630 979 a
669 906 866 978 libris
906 907 1231 979 omnibus
1281 930 1494 1000 quam
1544 908 1955 1000 longissime
2008 907 2284 996 absum,
2338 921 2410 982 et
2457 913 2529 985 id

361 1056 579 1105 unum
631 1031 701 1101 in
750 1032 886 1101 hac
932 1030 1488 1126 peregrinatione
1555 1031 2131 1105 molestissimum
2181 1034 2525 1137 experipr.

361 1159 580 1228 Domo
619 1174 982 1248 egressuS,
1034 1156 1300 1226 nullum
1350 1154 1581 1225 latinae
1622 1155 1879 1246 linguae
1919 1178 2237 1228 murmur
2275 1156 2527 1228 audio:

362 1279 650 1351 domum
677 1298 1066 1370 regressus,
1096 1277 1384 1349 comites
1418 1277 1653 1365 libroS,
1681 1301 1844 1349 cum
1868 1278 2129 1372 quibus
2157 1281 2346 1373 loqui
2375 1301 2528 1352 sum

365 1403 627 1487 solitus,
663 1424 803 1473 non
840 1401 1096 1485 habeo;
1124 1424 1328 1474 omne
1356 1400 1525 1472 mihi
1558 1403 1973 1496 colloquium
2008 1425 2169 1474 cum
2203 1403 2534 1486 memoria

368 1549 522 1598 mea
564 1535 695 1597 est.
739 1527 904 1596 Haec
944 1525 1157 1617 igitur
1189 1547 1284 1596 ex
1323 1533 1630 1619 tempore
1663 1535 1734 1596 et
1768 1526 2103 1598 memoria
2138 1525 2400 1611 scribo;
2436 1527 2530 1598 ita

365 1658 468 1734 ut,
512 1651 602 1722 de
649 1649 907 1743 quibus
949 1648 1135 1719 illam
1176 1648 1619 1720 haesitantem
1667 1649 1908 1733 video,
1956 1650 2228 1721 silentio
2269 1651 2527 1744 potiuS,

365 1795 575 1866 quam
616 1775 905 1858 calamo,
946 1773 1436 1845 committenda
1476 1772 1913 1845 crediderim.
1941 1774 2157 1845 Multa
2187 1796 2354 1845 sane
2394 1796 2532 1846 non

366 1896 589 1982 aliter,
627 1917 840 1988 quam
868 1895 925 1964 si
956 1892 1090 1964 sub
1113 1895 1332 1966 oculis
1366 1893 1523 1965 libri
1549 1904 1814 1980 essent,
1855 1896 2166 1966 memini:
2204 1917 2366 1989 quae
2396 1899 2530 1968 fre-

364 2040 588 2113 quens
616 2017 868 2118 horum
894 2017 1220 2111 cogitatio
1242 2017 1410 2087 mihi
1437 2017 1647 2089 altius
1674 2026 1881 2111 atque
1901 2017 2214 2089 tenacius
2242 2018 2535 2112 impres-

368 2143 475 2214 sit.
511 2143 806 2212 Plinium
847 2140 960 2210 ille
1005 2141 1402 2212 Secundum
1442 2142 1619 2211 forte
1654 2163 1792 2212 non
1826 2143 2113 2232 legerat,
2151 2162 2293 2234 quo
2327 2164 2532 2214 nemo

366 2267 624 2337 certius
668 2288 818 2336 rem
860 2264 1248 2358 expressit:
1289 2285 1500 2356 quam
1541 2285 1715 2335 vere
1765 2262 2054 2335 definire
2093 2286 2233 2335 non
2276 2266 2528 2351 ausim,

365 2410 523 2460 cum
559 2388 726 2461 illud
761 2408 949 2483 saepe
985 2396 1328 2473 occurrat,
1360 2386 1549 2480 quod
1583 2386 1677 2458 ita
1702 2386 2025 2460 omnibus
2055 2387 2393 2461 habeatur
2428 2388 2536 2460 in-

366 2511 639 2602 cognita
665 2511 889 2582 insula
923 2520 1061 2584 tam
1092 2510 1350 2595 vicina,
1379 2520 1519 2581 tam
1557 2510 1884 2595 celebris;
1922 2511 2049 2583 sed
2087 2511 2316 2583 dicam
2343 2512 2538 2613 quod

367 2637 516 2730 ipse
542 2633 801 2705 Plinius
829 2632 1225 2718 SecunduS,
1258 2633 1570 2705 secundo
1594 2632 1944 2707 Naturalis
1980 2634 2304 2706 Historiae
2340 2635 2531 2721 libro,

367 2756 699 2831 senserit:
743 2758 1008 2853 Thylen
1046 2778 1209 2827 esse
1250 2756 1551 2828 insulam
1595 2778 1727 2827 sex
1767 2757 2039 2829 dierum
2091 2757 2537 2848 navigatione

366 2881 438 2952 in
479 2882 1019 2977 septentrionem
1053 2902 1094 2951 a
1128 2879 1482 2951 Britannia
1517 2879 1927 2951 distantem:
1967 2879 2085 2950 ubi
2122 2888 2534 2950 semestrem

366 3006 692 3078 aestivum
734 3004 951 3089 diem,
996 3026 1078 3075 ac
1116 3003 1306 3098 paris
1362 3004 1567 3098 spatii
1618 3002 2007 3075 brumalem
2057 3012 2329 3074 noctem
2378 3025 2540 3074 esse

367 3131 731 3202 coniectat:
760 3137 833 3199 et
872 3127 1194 3212 violento,
1240 3137 1575 3219 quantum
1604 3126 1737 3199 sibi
1764 3125 2059 3211 videtur,
2105 3126 2391 3197 rationis
2426 3148 2540 3196 ar-

368 3261 718 3343 gumento,
746 3261 818 3323 et
840 3260 1182 3346 praeterea
1210 3251 1444 3322 nescio
1469 3273 1609 3345 quo
1635 3251 2039 3323 Phocaeensi
2064 3249 2543 3347 PytheaMas-

372 3376 635 3449 siliensi
676 3386 857 3448 teste
901 3376 1133 3447 utitur.
1177 3375 1351 3459 Quae
1395 3374 1457 3446 si
1499 3396 1666 3447 vera
1708 3383 1888 3458 sunt,
1935 3377 2346 3467 quantulum
2382 3373 2542 3442 hinc

371 3498 574 3571 abest
600 3499 815 3594 Thyle
843 3497 995 3590 ipsa
1036 3517 1254 3591 quam·
1283 3497 1696 3589 quaerimus,
1737 3496 1940 3568 cuius
1970 3495 2156 3588 apud
2184 3493 2394 3564 Indos
2441 3492 2543 3587 (ut

369 3622 698 3718 auguror)
742 3625 926 3695 sama
967 3623 1240 3715 ingens,
1279 3619 1466 3715 apud
1505 3639 1635 3690 nos
1677 3618 1916 3690 notitia
1960 3618 2145 3687 nulla
2183 3618 2341 3686 est?
2383 3615 2543 3683 Ser-

372 3747 530 3819 vius
570 3747 872 3840 quidem,
909 3747 1045 3818 etsi
1079 3743 1574 3838 grammaticus
1600 3741 1859 3825 melior,
1898 3760 2105 3833 quam
2141 3757 2546 3827 cosmogra-

367 3870 554 3964 phus
590 3873 709 3942 vel
740 3879 973 3965 poeta,
1021 3888 1324 3962 sequens
1367 3877 1598 3940 tamen
1637 3864 1943 3959 priorum
1979 3860 2292 3953 vestigia,
2333 3880 2544 3953 super

367 3993 560 4065 illum
594 3993 863 4087 Virgilii
901 3998 1132 4066 locum
1177 4020 1209 4057 α
1261 3993 1379 4063 tibi
1407 3992 1657 4061 serviae
1692 3988 1930 4059 ultima
1975 3984 2175 4075 Thyle
2211 4011 2242 4050 ι)
2277 3982 2377 4055 sic
2416 3983 2541 4054 ait:

378 4145 410 4183 α
468 4118 691 4213 Thyle
729 4117 961 4191 insula
987 4126 1099 4191 est
1122 4116 1376 4188 Oceani
1410 4115 1589 4186 inter
1625 4110 2233 4209 septentrionalem
2270 4116 2344 4179 et
2366 4105 2547 4180 occi-

377 4268 412 4301 »
466 4238 812 4347 dentalem
852 4241 1156 4335 plagam,
1200 4241 1380 4311 ultra
1429 4238 1880 4322 Britanniam,
1937 4232 2361 4313 Hiberniam,
2419 4232 2547 4299 Or-
