3104 4805
575 386 692 435 CXL
1454 409 1459 416 ·
1522 378 2050 428 PROLEGOMENON.

853 549 981 587 cum
1002 529 1426 586 vicecomitibus
1446 571 1460 598 ‚
1482 530 1773 601 Scaligeris
1790 572 1805 599 ,
1828 531 2046 602 Pepolis
2059 572 2074 600 ‚
2096 536 2152 585 et
2171 530 2538 590 Carrariensi-

851 616 984 684 buS,
1015 615 1221 670 bellum
1254 613 1511 669 Obizzoni
1538 614 1754 670 Estensi
1781 615 1851 669 ob
1875 616 2019 670 male
2061 621 2285 687 partum
2324 619 2540 675 Parmae

854 698 1161 754 dominium
1189 697 1456 752 indicunt.

572 1536 730 1591 1345.
771 1535 1023 1590 Andreas
1059 1536 1429 1608 HungaricuS‚
1466 1538 1551 1591 vir
1588 1536 1847 1592 Iohannae
1884 1537 2086 1608 reginae
2130 1536 2346 1605 Siciliae,
2393 1536 2538 1590 mala
2620 1548 2836 1593 mot-sm.
3073 1575 3080 1608 ἰ

851 1620 997 1674 caede
1025 1621 1323 1675 mulctatur
1361 1621 1451 1675 die
1477 1621 1548 1676 18
1577 1622 1933 1693 Septembris,
3071 1613 3078 1656 ²

784 1703 883 1758 Die
897 1704 968 1758 23
980 1704 1317 1774 DecembriS,
1334 1706 1624 1778 Philippus
1642 1706 1945 1777 Episcopus
1964 1705 2365 1774 Cavallicensi8‚
2387 1708 2540 1777 regni
2622 1718 2712 1754 Not·
2729 1719 2765 1764 ο,
2785 1718 2844 1754 vt·
3068 1665 3075 1730 ἰ

856 1790 1243 1861 procuratione
1269 1790 1516 1860 dimissa,
1538 1789 1828 1862 Neapolim
1855 1790 2056 1860 linquit
2075 1794 2131 1844 et
2154 1790 2431 1845 maritimo
2458 1790 2542 1845 iti-

855 1891 988 1929 nere
1014 1875 1072 1929 in
1098 1875 1302 1929 Gallias
1338 1874 1508 1943 redit,
1547 1874 1907 1946 pervenitque
1944 1872 2304 1942 Ammonem,
2351 1890 2540 1928 mense

856 1959 1129 2015 Ianuario.

571 2125 730 2183 1346.
770 2127 869 2181 Die
897 2127 961 2181 11
996 2127 1142 2195 Iulii,
1173 2125 1403 2181 Carolus
1432 2126 1506 2179 IV
1534 2126 1977 2198 Luceburgensis
2014 2129 2395 2184 Romanorum
2435 2129 2540 2182 Im·
2627 2136 2901 2188 Not-mvn!-

853 2216 1074 2283 perator
1100 2210 1382 2264 Avenione
1412 2210 1788 2264 renunciatur.

780 2295 1062 2349 Luchinus
1072 2293 1385 2347 vicecomes
1399 2294 1614 2347 Parmae
1629 2293 1937 2346 dominium
1957 2294 2025 2348 ab
2042 2295 2311 2350 Obizzone
2326 2294 2540 2352 Estensi
2621 2307 2702 2342 ner·
2718 2306 3032 2354 1⁸.Seript.·r.¹2,

855 2376 1089 2449 pecunia
1114 2375 1364 2445 redimit,
1395 2381 1450 2430 et
1469 2375 1671 2431 civitati
1696 2376 1955 2446 regundae
1980 2377 2325 2450 Paganinum
2349 2379 2543 2435 Besoz-
2689 2350 2752 2387 Μ’
2773 2353 2852 2388 Μ’

858 2462 1003 2516 zium
1032 2460 1494 2515 Mediolanensem
1524 2461 1771 2532 praeficit.

3063 2870 3070 2919 1

3063 2932 3069 2965 ε

570 2960 727 3015 1347.
769 2961 868 3017 Die
895 2961 968 3018 20
994 2964 1139 3018 Maii.
1170 2965 1427 3020 Nicolaus
1454 2965 1736 3020 Laurentii
1772 2966 2039 3020 Romanae
2070 2965 2408 3037 Reipublicae
2444 2964 2536 3017 ad·
2622 2981 3023 3023 νῑιικῑωιιιτιιιωη.
3061 3000 3068 3045 5

851 3047 1311 3104 ministrationem
1349 3050 1611 3121 capessit,
1642 3058 1696 3105 et
1723 3049 2014 3105 tribunicia
2051 3051 2239 3122 populi
2268 3056 2535 3122 potestate
3057 3048 3066 3200 s*

850 3131 1077 3202 potitur.

783 3213 1025 3269 Aloisius
1051 3215 1346 3287 Hungariae
1374 3218 1514 3287 Rex,
1544 3219 1614 3272 ad
1642 3216 2015 3272 ulciscendam
2057 3219 2261 3273 caedem
2298 3219 2536 3274 Andreae
2624 3234 2712 3270 Not·
2729 3235 2764 3280 ι,
2785 3236 2861 3273 vn.
3053 3204 3061 3342 Ξ

852 3295 1038 3352 fratris
1057 3298 1163 3366 sui,
1181 3299 1437 3369 Regnum
1455 3300 1881 3373 Neapolitanum
1899 3300 2128 3371 invadit,
2141 3308 2195 3356 et
2214 3302 2536 3357 Sulmonem

854 3379 1053 3433 urbem
1080 3381 1363 3436 obsidione
1393 3384 1578 3453 cingit.

781 3462 880 3516 Die
893 3462 964 3518 20
981 3463 1325 3520 Novembris.
1345 3467 1605 3523 Nicolaus
1617 3468 1899 3524 Laurentii
1916 3470 2195 3526 Tribunus
2210 3471 2347 3543 Pop.
2371 3472 2535 3526 Rom.
2625 3487 2712 3523 Not·
2733 3487 2788 3533 ia,
2805 3486 2882 3523 vn.
3049 3440 3056 3549 J

850 3552 1074 3618 partum
1101 3548 1206 3603 sibi
1232 3551 1547 3622 reipublicae
1575 3553 1871 3625 imperium
1899 3556 2068 3609 armis
2096 3557 2320 3626 asserit,
2351 3556 2538 3612 hostes
3049 3556 3054 3571 ⁸

852 3631 1115 3703 devincit,
1145 3640 1199 3688 et
1227 3634 1295 3689 de
1320 3637 1475 3691 caesis
1502 3637 1966 3693 Columnensibus
1998 3640 2322 3711 triumphat.
3047 3574 3054 3727 ἒ

769 3715 1110 3771 Bertrandus
1134 3717 1373 3774 Deucius
1401 3720 1707 3776 Cardinalis
1725 3738 1756 3776 a
1776 3723 1967 3791 latere,
1988 3724 2202 3794 legatus
2222 3741 2253 3779 a
2272 3725 2534 3780 Pontifice
2624 3734 2703 3771 vit·
2727 3735 2836 3772 Nicol-
2853 3734 3013 3774 Tribuni.
3046 3746 3052 3759 ⁵

849 3800 1086 3856 Maximo
1115 3803 1172 3855 in
1201 3803 1432 3858 Italiam.
3044 3792 3048 3869 i

781 3881 1038 3939 Nicolaus
1066 3886 1347 3942 Laurentii
1375 3906 1407 3942 a
1434 3890 1639 3961 populo
1660 3889 1855 3958 victUS‚
1876 3894 1931 3943 et
1948 3889 2243 3945 tribunicia
2268 3895 2535 3963 potestate
2619 3900 2709 3937 lbid-
3043 3884 3050 3935 ¹

849 3967 1198 4038 exturbatus,
1241 3972 1373 4025 latet
1399 3988 1500 4044 per
1528 3988 1799 4040 mensem,
1828 3988 1892 4026 ac
1928 3971 2125 4028 deinde
2171 3975 2312 4028 clam
2359 3974 2534 4028 Roma
3039 3942 3048 4111 I

844 4061 1116 4118 egressus,
1149 4053 1207 4105 in
1236 4052 1489 4125 Regnum
1517 4053 1942 4125 Neapolitanum
1973 4056 2233 4126 confugit.

3038 4122 3044 4255 ἔ

3037 4262 3043 4303 l
