3104 4805
544 363 605 411 vl
1342 360 1866 410 PROLEGOUENON.

542 502 614 564 de
647 500 722 562 iis
756 500 817 561 iii
851 500 1071 578 vulgus
1105 499 1350 564 edendis
1383 500 1630 564 litterati
1662 502 1796 564 eius
1828 502 2122 582 temporis
2150 504 2428 568 homines
2471 522 2535 568 se
2576 509 2684 569 sol-

540 606 735 670 licitos
784 604 1174 686 praebuerint.
1238 606 1523 670 Plurimae
1574 606 1821 685 quidem
1884 625 2141 687 operum
2195 609 2328 673 eius
2389 612 2684 674 editiones

540 712 857 791 bucusque
889 712 1270 793 prodierunt:
1307 718 1369 774 et
1400 711 1451 774 si
1482 713 1558 775 de
1585 711 1661 774 iis
1688 711 2089 777 instituendus
2117 714 2270 777 mihi
2293 732 2498 779 sermo
2528 725 2685 781 esset

543 820 766 900 quibus
798 822 983 899 lyrica
1017 819 1149 882 eius
1181 818 1453 882 carmina
1489 821 1813 883 vernaculo
1856 819 2140 884 idiomate
2179 823 2515 901 composita
2560 824 2687 884 vul-

543 932 676 1003 gata
706 926 984 1002 fuerunt,
1017 925 1166 988 citra
1192 941 1441 989 omnem
1464 925 1943 1003 exaggerationis
1968 933 2172 988 notam
2198 926 2398 991 dicere
2422 944 2684 1007 possem,

543 1031 766 1095 nullius
816 1048 892 1094 ex
944 1032 1391 1111 antiquioribus
1449 1030 1968 1094 recentioribusve
2006 1032 2202 1112 poetis
2251 1033 2470 1113 scripta
2512 1035 2687 1097 toties

544 1137 700 1216 typis
734 1136 1026 1215 impressa
1065 1137 1275 1199 fuisse.
1319 1134 1494 1207 Quod
1536 1138 1706 1201 facile
1751 1138 1866 1200 sibi
1906 1140 2280 1218 persuaserit
2320 1139 2689 1218 quicumque

510 1242 690 1325 'sciat
740 1248 876 1322 post
925 1242 1189 1322 primam
1231 1259 1265 1305 a
1299 1242 1607 1307 Vindelino
1650 1243 1821 1324 Spira
1862 1260 2019 1306 anno
2065 1246 2224 1308 1470
2257 1245 2520 1308 Venetiis
2561 1261 2689 1324 per·

542 1354 764 1423 actam,
799 1346 942 1409 alias
981 1347 1227 1424 triginta
1263 1353 1526 1425 quatuor
1569 1348 1786 1410 eodem
1828 1349 2051 1412 saeculo
2094 1349 2219 1427 XV,
2263 1350 2537 1428 sequenti
2571 1349 2689 1411 XVI

542 1457 785 1514 centum
821 1452 1130 1529 sexaginta
1158 1457 1417 1530 septem,
1444 1453 1585 1515 dein
1611 1452 1754 1518 XVII
1777 1453 1921 1516 alias
1947 1455 2397 1534 septemdecim,
2425 1472 2530 1518 sex
2550 1454 2690 1517 inde

542 1573 727 1636 supra
758 1557 1148 1635 quadraginta
1192 1559 1414 1621 saeculo
1455 1558 1650 1635 XVIII,
1693 1560 2132 1639 quinquaginta
2172 1561 2422 1623 demum
2466 1567 2525 1622 et
2565 1576 2687 1623 am·

542 1662 699 1742 plius
730 1662 845 1725 boc
878 1678 1000 1741 quo
1038 1662 1312 1726 vivimus
1350 1662 1471 1725 XIX
1511 1664 1809 1727 editiones
1850 1663 2194 1727 italicorum
2231 1664 2572 1727 carminum
2612 1664 2692 1739 (il

546 1769 944 1847 Canzoniere)
976 1769 1299 1832 recenseri.
1338 1767 1611 1840 Quarum
1645 1770 1698 1832 si
1729 1771 1857 1834 loca
1897 1777 1957 1833 et
1989 1778 2261 1851 tempora
2294 1770 2539 1833 novisse
2571 1770 2687 1848 pla-

542 1879 698 1952 ceat,
728 1874 939 1938 videre
966 1874 1083 1937 erit
1106 1874 1167 1936 in
1193 1874 1271 1937 iis
1296 1891 1435 1953 quae
1466 1874 1854 1938 Bibliothecae
1885 1873 2322 1938 Petrarchianae
2346 1891 2688 1953 nuncupan-

543 1985 672 2054 tur,
729 1988 788 2041 et
846 1980 907 2040 in
966 1980 1061 2040 illa
1112 1980 1454 2056 praesertim
1493 1997 1680 2058 quam
1718 1980 2038 2044 Florentiae
2082 1997 2251 2044 anno
2283 1981 2436 2043 1822
2479 1979 2688 2042 Italicis

541 2081 843 2143 Francisci
883 2081 1255 2144 carminibus
1306 2083 1583 2144 adiunxit
1635 2086 1899 2150 Aloisius
1948 2080 2334 2151 Ciardettus.¹
2385 2084 2575 2148 Porro
2618 2084 2691 2147 ab

544 2186 817 2248 instituto
851 2201 990 2248 meo
1024 2184 1289 2248 alienum
1322 2191 1412 2248 est
1445 2202 1659 2249 omnes
1693 2190 1974 2250 omnium
2007 2208 2265 2268 operum
2307 2194 2441 2253 eius
2482 2191 2690 2253 editio·

543 2307 651 2355 nes
678 2308 1017 2370 recensere,
1044 2308 1308 2370 quarum
1335 2292 1443 2369 qui
1466 2291 1669 2371 cupiat
1689 2292 1928 2370 plenam
1954 2292 2070 2355 sibi
2094 2294 2372 2355 notitiam
2391 2311 2689 2371 quaerere,

544 2400 716 2463 adeat
745 2396 1247 2477 bibliographicos
1278 2396 1606 2475 catalogos,
1642 2394 1937 2475 illumque
1973 2398 2031 2460 in
2067 2397 2287 2478 primis
2319 2415 2352 2461 a
2377 2396 2690 2463 Dominico

544 2503 818 2579 Rossetto
840 2503 994 2566 iuris
1013 2505 1286 2567 consulto
1311 2503 1663 2581 Tergoetino
1698 2505 2137 2567 elucubratum.
2155 2497 2178 2530 ²
2204 2504 2257 2567 Is
2288 2504 2557 2583 quidem,
2590 2520 2690 2567 ne·

545 2608 670 2670 scio
691 2624 814 2686 quo
835 2607 1127 2686 singulari
1149 2606 1209 2669 in
1228 2608 1617 2671 Franciscum
1632 2607 1994 2685 Petrarcam,
2017 2609 2289 2687 itemque
2312 2609 2373 2670 in
2395 2607 2571 2670 Pium
2591 2607 2690 2671 Se-

545 2714 813 2776 cundum
851 2710 1206 2773 Pontificem
1237 2710 1570 2774 Maximum
1602 2727 1813 2774 amore
1846 2718 2056 2791 captus
2081 2719 2142 2775 et
2167 2713 2489 2791 obsequio,
2520 2721 2690 2792 quot-

547 2822 694 2896 quot
741 2817 842 2879 vel
881 2817 1204 2896 utriusque
1258 2834 1440 2897 opera
1478 2817 1634 2897 typis
1678 2817 1946 2896 vulgata,
1983 2818 2081 2881 vel
2130 2817 2395 2881 aliorum
2453 2820 2528 2883 de
2579 2820 2692 2882 illis

548 2921 1031 2986 elucubrationes
1049 2973 1069 3000 ,
1136 2922 1569 2986 commentaria
1591 2974 1611 3000 ,
1682 2923 1927 3001 ellogia,
1995 2923 2312 2988 historicas
2377 2925 2692 2988 criticasve

548 3026 1032 3106 disquisitiones,
1086 3027 1381 3106 imagines
1431 3027 1720 3106 denique,
1772 3027 2143 3091 numismata
2195 3028 2434 3108 aliaque
2487 3029 2690 3090 huius-

548 3133 715 3194 modi
748 3133 1019 3210 undique
1060 3133 1373 3211 diligenter
1407 3139 1466 3195 et
1500 3148 1757 3212 operose
1796 3133 2103 3211 exquisita
2143 3133 2425 3212 colligere
2465 3134 2688 3214 potuit,

547 3252 658 3298 nec
711 3237 1052 3317 sumptibus
1091 3255 1204 3301 nec
1246 3238 1556 3302 laboribus
1595 3254 1848 3317 parcens
1888 3237 2008 3301 sibi
2049 3239 2455 3318 comparavit,
2498 3245 2557 3299 et
2598 3251 2687 3297 re-

551 3357 695 3403 rum
728 3341 1007 3404 omnium
1047 3341 1164 3404 sibi
1206 3342 1606 3420 quaesitarum
1644 3344 2170 3408 accuratissimum
2212 3345 2472 3411 indicem
2505 3341 2692 3404 semel

552 3447 900 3527 iterumque
935 3447 996 3511 in
1031 3448 1254 3526 vulgus
1285 3447 1499 3526 edidit,
1535 3465 1605 3511 ea
1637 3450 1943 3532 praecipue
1977 3459 2182 3514 motus
2218 3452 2483 3525 ratione,
2532 3449 2695 3527 quod

553 3553 605 3616 si
639 3555 776 3632 quis
810 3553 944 3617 eius
976 3554 1215 3632 generis
1249 3554 1476 3631 aliquid
1506 3569 1691 3632 penes
1726 3572 1791 3619 se
1826 3557 1924 3619 vel
1962 3556 2182 3620 alicubi
2225 3562 2433 3619 extare
2477 3569 2691 3630 cogno-

553 3666 775 3736 sceret,
802 3667 1073 3740 paratam
1107 3660 1222 3723 sibi
1255 3659 1436 3722 sciret
1470 3659 1602 3723 eius
1636 3661 1993 3726 collocandae
2029 3662 2409 3725 occasionem
2444 3661 2503 3722 in
2536 3658 2694 3719 illius

677 3803 692 3836 ¹
728 3804 791 3852 Le
821 3805 946 3854 rime
970 3804 1050 3854 del
1074 3805 1313 3855 Petrai-ca
1337 3819 1430 3856 eon
1452 3812 1550 3856 tav.
1578 3806 1630 3854 in
1661 3819 1826 3868 rame,
1862 3808 1925 3858 ed
1957 3807 2310 3865 illustrazioui.
2335 3806 2490 3856 Tomo
2512 3803 2589 3852 lv.
2618 3802 2693 3851 Bi-

553 3881 766 3931 blioteca
788 3881 1167 3946 Petrai-ebesa,
1195 3885 1401 3937 Firenze
1417 3923 1431 3947 ,
1455 3886 1733 3950 Tipograiia
1759 3887 1811 3936 di
1837 3887 1979 3952 Luigi
2002 3887 2239 3939 Ciardetti
2254 3924 2268 3949 ,
2295 3885 2431 3935 1822.

674 3957 695 3991 ⁸
729 3958 962 4022 Cataloqo
986 3962 1119 4012 della
1142 3965 1361 4015 raccolta
1382 3964 1475 4014 che
1498 3979 1590 4029 per
1612 3966 1659 4014 la
1678 3965 1992 4030 Bibliogratia
2015 3966 2099 4018 del
2125 3967 2356 4016 Petu-arca
2381 3977 2410 4013 e
2432 3962 2484 4011 di
2509 3959 2597 4009 Pio
2628 3959 2688 4019 II,

551 4039 581 4089 e
607 4038 686 4101 gia
714 4039 985 4102 posseduta
1008 4054 1038 4091 e
1063 4043 1107 4091 si
1132 4057 1192 4093 va
1216 4043 1551 4095 continuando
1576 4044 1947 4096 dall’Avvocato
1968 4046 2041 4095 De
2063 4043 2279 4095 Rossetti
2317 4043 2369 4094 di
2400 4042 2608 4090 Trieste.
2629 4065 2689 4074 —

552 4120 770 4181 Trieste‚
815 4120 1110 4186 Mamiliam,
1164 4125 1310 4184 1834,
1349 4139 1460 4188 pag.
1497 4126 1586 4184 96,
1628 4125 1758 4175 ili-4.
1798 4153 1857 4163 —
1885 4123 2267 4177 Continuazione
2306 4123 2386 4172 del
2427 4121 2685 4184 Catalqu,

554 4215 663 4265 pag.
691 4203 748 4260 6,
777 4201 906 4251 in-«I.
1743 4197 1750 4204 ’
