3104 4805
946 335 1286 433 FRAnclscf
1315 383 1663 433 PETRARCAE
1707 384 2053 434 PRAEFA'rlo.
2485 374 2563 436 ‘25

430 531 517 603 de
554 530 712 602 ullis
752 530 880 601 fori
922 530 1311 612 turbinibus
1338 587 1353 616 ,
1399 531 1557 625 quis
1601 555 1707 603 me
1746 533 1834 603 de
1873 544 2153 625 paterna
2188 533 2422 619 dom0,
2477 536 2564 606 de

428 653 718 727 fortunis
759 652 1070 746 perditiS,
1115 652 1204 724 de
1242 638 1466 744 gloria'
1497 654 1881 739 imminuta,
1935 654 2023 725 de
2069 656 2355 748 pecunia
2394 656 2566 728 dila-

431 790 527 861 ta,
580 776 668 848 de
716 775 1030 848 absentia
1080 775 1454 846 amicorum
1505 774 1818 848 flebiliter
1877 789 2194 868 agentem
2243 779 2566 852 audivit?

429 900 698 985 Quibus
748 898 1028 992 quidem
1077 898 1148 968 in
1197 898 1527 969 molestiis
1582 909 1719 969 tam
1772 900 2060 969 molliter
2109 899 2252 991 agit
2300 900 2561 987 Cicer0,

432 1034 508 1093 ut
544 1034 878 1115 quantum
920 1020 1075 1092 stilo
1114 1022 1438 1105 delector,
1479 1032 1742 1093 tantum
1779 1041 1964 1115 saepe
1998 1022 2332 1093 sententia
2357 1023 2568 1094 offen-

430 1142 817 1216 dan-Adde
854 1143 1190 1235 litigiosas
1229 1143 1590 1235 epistolaS,
1628 1154 1699 1213 et
1737 1143 2080 1215 adversus
2120 1145 2562 1229 clarissimos

433 1281 637 1362 atque
685 1268 776 1341 ab
822 1268 1063 1340 eodem
1117 1270 1321 1359 paulo
1361 1278 1518 1339 ante
1557 1240 2071 1339 laudatissimos
2111 1268 2303 1339 viros
2344 1269 2570 1360 iurgia

434 1415 515 1464 ac
564 1391 838 1484 probra,
892 1391 1067 1461 mira
1115 1412 1271 1462 cum
1324 1390 1531 1462 animi
1580 1391 1897 1461 levitate:
1942 1389 2197 1483 quibus
2251 1390 2564 1482 legendis

432 1516 753 1588 delinitus
793 1513 1049 1606 pariter
1086 1524 1156 1585 et
1191 1513 1529 1598 offensuS,
1570 1525 1947 1607 temperare
1985 1514 2156 1584 mihi
2196 1536 2334 1586 non
2381 1512 2569 1608 potui

432 1638 817 1731 quominuS,
860 1638 964 1709 ira
1002 1636 1315 1722 dictante,
1373 1636 1505 1707 sibi
1546 1647 1893 1729 tamquam
1935 1646 2282 1708 coaetaneo
2316 1636 2564 1719 amico,

431 1760 882 1832 familiaritate
945 1780 1107 1851 quae
1170 1759 1337 1828 mihi
1394 1782 1550 1830 cum
1609 1758 1790 1829 illius
1849 1758 2124 1849 ingenio
2172 1770 2311 1843 est,
2367 1758 2570 1851 quasi

433 1893 811 1974 temporum
877 1880 1128 1954 oblitus
1149 1938 1164 1966 ‚
1227 1880 1626 1967 scriberem,
1678 1891 1747 1951 et
1797 1880 2051 1972 quibus
2102 1881 2173 1951 in
2222 1903 2305 1952 eo
2368 1882 2569 1954 dictis

434 2003 810 2076 offenderer
847 2006 1286 2077 admonerem
1317 2031 1331 2074 ε
1383 2024 1542 2096 quae
1591 2004 1760 2074 mihi
1799 2002 2123 2095 cogitatio
2162 2003 2568 2097 principium

429 2130 561 2200 fuit
597 2141 672 2200 ut
707 2140 776 2200 et
813 2130 1091 2201 Senecae
1132 2128 1575 2219 tragoediam,
1618 2146 1778 2219 quae
1818 2125 2215 2197 inscribitur
2252 2126 2565 2211 Octavia,

430 2266 589 2346 post
636 2275 855 2324 annos
905 2255 1246 2344 relegenS,
1299 2250 1496 2347 parili
1545 2251 1802 2344 impetu
1852 2250 2073 2323 eidem
2130 2273 2433 2343 quoque,
2489 2273 2568 2322 ac

430 2374 704 2460 deinde,
757 2374 952 2447 varia
999 2384 1394 2447 occurrente
1441 2373 1760 2459 materia,
1804 2373 2101 2444 Varroni
2146 2371 2570 2465 Virgilioque

432 2508 639 2588 atque
704 2497 853 2568 aliis
919 2496 1330 2580 scriberem3
1395 2519 1435 2567 e
1497 2473 1755 2588 quibus
1817 2495 2085 2587 aliquas
2139 2495 2208 2565 in
2259 2483 2570 2566 extrema

433 2630 625 2713 parte
677 2618 882 2690 huius
930 2619 1156 2713 operis
1206 2617 1466 2689 inserui
1512 2618 1697 2710 (quae
1743 2617 1879 2688 nisi
1928 2617 2405 2712 praemonitum
2475 2620 2571 2687 le-

431 2757 686 2818 ctorem
730 2742 955 2816 subita
990 2754 1274 2837 possent
1298 2741 1749 2814 admiratione
1774 2740 2569 2836 perfundere),quaedam

432 2871 504 2939 in
552 2869 662 2941 illo
713 2868 986 2962 publico
1035 2865 1347 2938 incendio
1397 2864 1679 2958 periere.
1733 2863 1971 2946 Qualis
2026 2863 2137 2933 ille
2175 2862 2286 2934 vir
2337 2872 2568 2932 tantus

434 2993 506 3062 in
541 2990 894 3064 doloribus
937 2989 1083 3060 suis
1124 2988 1274 3074 suit,
1321 2987 1476 3059 talis
1516 3009 1648 3078 ego
1700 2985 1769 3056 in
1809 2985 1980 3056 meis
2020 2986 2305 3054 sueram.
2357 2981 2572 3053 Hodie

437 3117 538 3209 (ut
587 3114 767 3185 scias
819 3121 1225 3206 praesentem
1278 3109 1486 3181 animi
1526 3108 1659 3180 mei
1698 3107 2075 3199 habitum),
2119 3129 2340 3199 neque
2387 3105 2570 3176 enim

434 3235 853 3307 invidiosum
894 3233 1098 3305 suerit
1137 3233 1207 3305 id
1246 3233 1414 3303 mihi
1455 3232 1776 3317 tribuere,
1813 3232 2000 3325 quod
2041 3228 2370 3323 imperitis
2409 3251 2573 3299 eve-

436 3358 588 3428 nire
627 3357 721 3429 ait
758 3359 1038 3442 Seneca,
1079 3357 1300 3426 sactus
1344 3376 1499 3425 sum
1538 3377 1632 3426 ex
1672 3355 1824 3447 ipsa
1858 3353 2333 3447 desperatione
2375 3373 2573 3421 secu-

440 3480 600 3551 rior.
652 3480 830 3565 Quid
885 3482 1072 3553 enim
1119 3491 1380 3553 metuat
1437 3479 1556 3572 qui
1616 3477 1815 3549 toties
1865 3500 2024 3548 cum
2074 3485 2294 3545 morte
2357 3473 2572 3541 lucta—

437 3616 551 3675 tus
593 3603 727 3674 sit‘?
1078 3605 1081 3610 ’

798 3781 923 3843 L'na
956 3780 1113 3844 salus
1146 3779 1323 3843 victis
1356 3779 1579 3843 nullam
1613 3794 1858 3858 sperare
1892 3779 2166 3839 salutem.

433 3956 838 4031 Animosius
891 3961 960 4031 in
1008 3962 1157 4034 dies
1208 3984 1414 4054 agere
1465 3959 1762 4044 videbis,
1817 3956 2196 4029 animosius
2236 3956 2443 4049 loqui.
2486 3957 2573 4028 Et

434 4082 498 4153 si
562 4082 732 4174 quid
798 4086 969 4155 forte
1036 4084 1191 4155 stilo
1258 4085 1543 4176 dignum
1622 4106 1697 4155 se
1759 4081 2116 4165 obtulerit,
2181 4079 2311 4150 erit
2373 4077 2571 4150 stilus

434 4205 584 4297 ipse
631 4207 1011 4280 nervosior.
1055 4208 1268 4279 Multa
1310 4230 1477 4280 sane
1518 4231 1594 4280 se
1641 4206 1941 4280 offerent.
1999 4202 2350 4276 Scribendi
2390 4200 2569 4272 enim
2665 4279 2668 4282 ‚
