3104 4805
1015 295 1030 324 Ι

530 365 643 426 142
1199 378 1280 427 nr.
1327 377 1529 426 annus
1578 371 2021 426 rAmuAmnus

529 524 734 610 ardor
765 543 894 617 per
927 531 1146 593 terras
1180 542 1264 591 ac
1296 521 1514 593 maria
1546 548 1560 590 :
1599 528 1669 591 et
1705 541 1888 592 nunc
1919 521 2225 591 maxime
2261 521 2352 593 ad
2377 532 2695 593 extrema

444 696 451 703 -
529 659 873 720 terrarum
918 667 1004 717 ea
1055 666 1166 716 me
1215 646 1541 740 voluptas
1595 645 1840 729 traxit,
1910 646 2209 737 pellente
2273 645 2436 716 hinc
2487 647 2697 718 taedio

528 792 787 854 rerum,
832 791 1246 861 morumque
1308 768 1486 840 odio.
1541 771 1695 854 Quo
1751 790 2036 840 rursum
2089 768 2267 840 dura
2313 768 2696 841 necessitas

528 894 818 964 retraxit
880 890 1137 962 nudius
1199 891 1446 963 tertius
1508 892 1835 986 applicui,
1906 901 1978 963 et
2039 914 2200 963 cum
2267 894 2483 962 multa
2532 891 2695 962 inde

529 1014 648 1087 tibi
703 1015 1124 1109 scripserim,
1166 1037 1523 1100 reversuS,
1569 1016 2130 1110 pulverulentum
2183 1018 2523 1086 calamum
2576 1024 2695 1085 tuo

525 1140 827 1234 primum
866 1140 1144 1211 nomine
1192 1138 1476 1210 detersi.
1518 1136 1807 1209 Amicus
1849 1146 2083 1210 autem
2126 1149 2386 1221 noster,
2431 1159 2571 1208 non
2614 1144 2693 1207 ut

529 1263 796 1335 doctior
829 1262 1094 1346 redeat,
1134 1263 1399 1332 nullum
1437 1260 1675 1332 mundi
1719 1262 1881 1333 litus
1926 1263 2358 1334 inaccessum
2395 1261 2582 1343 sinit,
2621 1270 2694 1332 et

529 1386 715 1459 omni
754 1395 990 1469 vento,
1036 1383 1320 1456 caducae
1361 1385 1627 1455 frondis
1663 1407 1883 1469 more,
1928 1384 2517 1456 circumvolvitur.
2562 1385 2695 1454 Su-

532 1509 903 1603 spiriorum
953 1508 1105 1580 eius
1158 1509 1390 1579 nullus
1437 1508 1551 1603 (ut
1583 1509 1922 1603 auguror)
1969 1508 2129 1580 finis
2181 1509 2336 1593 erit,
2387 1508 2523 1579 nisi
2571 1508 2693 1601 qui

531 1632 719 1703 vitae.
764 1633 909 1704 Hoc
946 1631 1079 1703 sibi
1113 1629 1352 1702 verbis
1388 1631 1562 1702 meis
1597 1631 1807 1704 dicito
1836 1656 1851 1714 ;
1888 1654 2044 1703 raro
2079 1631 2358 1725 quidem
2390 1652 2693 1726 praeme-

530 1753 743 1825 ditata
780 1756 1192 1839 succedunt,
1240 1754 1368 1825 sed
1408 1752 1596 1846 finge
1643 1754 2061 1826 succedant:
2106 1755 2358 1825 crescit
2396 1776 2555 1824 cum
2595 1756 2697 1824 se-

530 1876 782 1947 licitate
859 1877 1161 1949 miseria.
1231 1876 1309 1948 Id
1372 1874 1564 1947 haud
1630 1874 1902 1947 difficile
1974 1874 2384 1968 persuaderi
2457 1884 2697 1967 posset

532 2010 854 2093 experto,
925 2002 1060 2073 nisi
1121 1999 1559 2072 consuetudo
1620 2000 1923 2094 pessima
1990 2021 2199 2071 aures
2273 1998 2696 2070 salutaribus

530 2124 823 2196 vocibus
875 2123 1289 2194 obstrueret.
1345 2124 1481 2194 Sed
1532 2123 1681 2216 ipse
1751 2126 1839 2197 de
1907 2146 1985 2196 se
2042 2123 2340 2205 viderit3
2398 2132 2468 2192 tu
2524 2144 2697 2193 vero

533 2257 835 2340 coeptum
879 2255 1058 2330 tene,
1105 2255 1175 2316 et
1222 2267 1310 2314 ne
1356 2244 1558 2315 turba
1599 2245 2038 2318 delirantium
2094 2246 2402 2317 animum
2455 2269 2497 2317 a
2535 2268 2698 2340 pro-

531 2368 758 2462 posito
806 2368 1171 2453 convellat,
1225 2388 1420 2439 cave.
1474 2367 1787 2452 Senecae,
1857 2368 1996 2441 imo
2062 2391 2234 2442 vero
2297 2369 2518 2464 ipsius
2569 2391 2699 2441 na-
2762 2359 2769 2366 ”

425 2565 441 2577 ,
534 2498 709 2561 turae
746 2489 1041 2560 verbum
1087 2500 1237 2560 est:
1281 2489 1420 2557 Nec
1459 2491 1665 2559 multo
1708 2514 1869 2585 opus
1910 2504 2039 2576 est,
2085 2514 2204 2562 nec
2245 2491 2378 2563 diu.
2422 2495 2614 2566 Vale.

815 2633 1114 2703 Avinione,
1143 2634 1243 2689 XV
1271 2633 1395 2690 Kal.
1427 2634 1787 2707 Septembris

1543 2828 1701 2835 ι-Ἁ

1379 3034 1731 3099 EPISTULA
1772 3035 1859 3097 111.

605 3225 996 3277 FRANCISCUS
1031 3225 1370 3276 PETRARCA
1403 3225 1737 3275 STEPHANO
1772 3225 2085 3275 COLUMNAE
2119 3225 2358 3277 mmom
2394 3226 2445 3274 S.
2482 3226 2539 3274 P.
2575 3226 2634 3274 D.
2746 3186 2756 3201 ·

697 3385 961 3441 Hortatur
987 3389 1051 3440 ut
1073 3385 1313 3440 victoriae
1342 3384 1410 3440 de
1438 3385 1655 3441 Ursinis
1682 3387 1870 3442 relatae
1898 3386 2141 3441 fructum
2168 3403 2281 3441 non
2309 3388 2542 3441 amittat.

731 3597 1051 3682 Potuisti,
1097 3596 1211 3669 vir
1257 3596 1670 3679 fortissime,
1726 3596 2036 3669 vincere:
2092 3597 2293 3681 scit0,
2341 3595 2709 3690 sapientis-

546 3722 724 3791 sime
775 3722 915 3806 vir,
960 3722 1060 3792 uti
1099 3720 1412 3793 victoria.
1475 3721 1576 3792 Ne
1626 3720 1785 3813 quis
1833 3742 2141 3813 unquam
2202 3729 2519 3791 nostrum
2588 3718 2710 3789 tibi

544 3845 768 3937 possit
798 3844 1123 3927 obiicere,
1162 3844 1375 3938 quod,
1415 3844 1761 3917 Cannensi
1802 3844 2154 3937 quondam
2181 3842 2319 3927 die,
2352 3842 2710 3914 Maharbal

546 3964 949 4049 Hannibali3
992 3967 1143 4059 qui,
1202 3967 1261 4039 si
1311 3967 1600 4039 consilio
1653 3966 2063 4051 obsecutuS,
2135 3978 2324 4037 recto
2387 3966 2560 4037 calle
2620 3961 2711 4033 ab

546 4082 696 4153 acie
749 4086 1031 4158 Romam
1087 4091 1428 4182 sanguine
1469 4099 1709 4162 nostro
1750 4090 2052 4162 rorantia
2096 4090 2299 4181 signa
2349 4087 2704 4171 vertisset,

545 4227 873 4299 quaenam
927 4209 1019 4282 sit
1066 4211 1550 4286 historicorum
1604 4213 1835 4307 opinio
1891 4234 2028 4284 non
2080 4212 2382 4304 ignoras.
2442 4210 2580 4281 Sed
2632 4210 2715 4281 il-
