3104 4805
534 373 647 436 112
1212 389 1292 438 DE
1336 389 1537 438 nunus
1581 390 2023 442 FAmLumBUs

1357 667 1715 733 EPISTOLA
1758 668 1868 732 v11.

747 875 1131 925 FnAnmchs
1177 874 1513 924 PETRARCA
1558 876 1822 926 IOHANNI
1864 878 2179 927 COLUMNAE
2223 878 2275 930 s,
2319 880 2374 927 r.
2419 880 2477 927 n.

1007 1065 1087 1119 De
1115 1065 1316 1119 futuris
1344 1065 1779 1136 expectationem
1808 1065 2220 1138 amputandam.

731 1288 1291 1361 Molestissimam
1363 1311 1628 1360 moram
1696 1287 2001 1361 traxisse
2059 1300 2124 1360 te
2196 1290 2449 1362 Nicaeae
2516 1292 2697 1384 indi-

540 1414 817 1506 gnando
868 1410 1237 1496 describis,
1289 1434 1411 1505 per
1459 1435 1773 1485 mensem
1823 1414 2166 1506 integrum
2217 1425 2695 1507 expectantem

540 1537 840 1629 aliquam
880 1557 1151 1619 navem,
1200 1557 1360 1627 quae
1404 1544 1471 1605 te
1526 1536 1598 1605 in
1638 1536 1902 1608 Italiam
1948 1540 2307 1630 perferret.
2364 1536 2574 1632 Atqui
2623 1538 2696 1609 in

541 1658 734 1731 Italia
776 1667 938 1729 tunc
984 1679 1168 1743 eraS,
1214 1658 1381 1729 dum
1434 1658 1524 1730 ad
1577 1658 1838 1730 Italiam
1895 1660 2326 1754 suspirabas:
2377 1661 2474 1733 ita
2512 1661 2694 1747 dico,

543 1783 629 1868 si,
660 1781 849 1876 quod
885 1782 1104 1874 poetis
1140 1789 1349 1874 atque
1381 1783 1905 1875 cosmographis
1940 1785 2182 1875 placet,
2221 1784 2436 1854 Italiae
2470 1783 2703 1855 termi-

542 1927 676 1976 nus
716 1904 947 1975 Varus
990 1915 1123 1989 est,
1177 1903 1356 1977 intra
1404 1928 1644 1998 quem,
1692 1927 1732 1976 a
1772 1915 1967 1997 parte
2017 1904 2256 1991 Italiae,
2301 1907 2547 1979 civitas
2589 1909 2702 1981 illa

546 2028 765 2100 sedet.
811 2028 949 2100 Sed
990 2028 1231 2120 utique
1269 2026 1357 2100 de
1398 2049 1474 2099 re
1523 2037 1825 2099 constat:
1879 2027 2274 2100 interiorem
2326 2029 2590 2102 Italiam
2632 2031 2700 2100 in

548 2153 777 2223 animo
818 2151 1161 2234 habebaS‚
1205 2162 1303 2234 et,
1363 2173 1484 2242 pro
1525 2152 1748 2237 Italia,
1802 2154 2092 2224 Romam
2127 2153 2358 2226 dicere
2397 2155 2701 2226 voluisti.

544 2275 778 2346 Sentio
811 2273 944 2344 iam
982 2271 1204 2343 morbi
1243 2271 1452 2342 huius
1487 2273 1854 2364 originem:
1889 2277 2486 2369 expectationibus
2520 2277 2702 2350 enim
2762 2274 2767 2282 ’

545 2398 795 2470 talibus
831 2396 1031 2490 plena
1072 2417 1232 2468 esse
1274 2398 1450 2469 solet
1490 2397 1981 2486 adolescentia,
2026 2424 2322 2494 quarum
2374 2401 2466 2471 illi
2517 2400 2704 2474 aetati

544 2518 766 2610 qualis
791 2519 1017 2610 qualis
1049 2521 1251 2592 venia
1276 2519 1593 2592 debetur.
1625 2523 1970 2594 Senectuti
1996 2534 2244 2607 autem,
2277 2545 2439 2617 quae
2465 2545 2704 2595 omnes

545 2662 708 2733 spes
753 2663 917 2712 suas
954 2643 1087 2714 iam
1126 2657 1281 2738 post
1323 2656 1593 2737 tergum
1631 2655 1945 2738 spectare
1978 2646 2213 2731 debet,
2244 2648 2467 2717 omnis
2503 2650 2707 2737 longa

546 2765 710 2836 vitae
744 2765 956 2836 huius
999 2777 1069 2837 et
1105 2767 1318 2861 'anxia
1350 2767 1736 2859 expectatio
1778 2768 1963 2838 foeda
1999 2778 2128 2835 est.
2175 2768 2275 2835 Tu
2310 2767 2541 2857 itaque
2593 2789 2704 2837 se-

546 2889 714 2975 nior,
744 2890 832 2961 de
870 2901 935 2963 te
971 2892 1264 2963 videris:
1309 2911 1441 2981 ego
1482 2887 1709 2958 iunior
1743 2887 1830 2956 de
1870 2908 1981 2954 me
2031 2888 2299 2977 loquor,
2345 2886 2492 2976 qui,
2535 2886 2705 2958 ado-

542 3013 871 3085 lescentia
904 3013 1042 3084 iam
1076 3023 1361 3094 exacta,
1399 3018 1671 3078 aetatem
1712 3017 1894 3077 tuam
1923 3006 2151 3077 adhuc
2176 3010 2402 3099 longe,
2443 3006 2503 3077 si
2537 3007 2703 3099 quid

542 3136 657 3207 hic
708 3140 992 3227 longum
1047 3144 1179 3216 est,
1230 3142 1389 3202 ante
1430 3151 1539 3200 me
1581 3128 1805 3201 video.
1864 3129 2239 3216 Caeterum,
2291 3154 2431 3223 quo
2478 3130 2703 3202 rarius

543 3257 887 3350 passionis
929 3252 1331 3325 huiusmodi
1371 3251 1725 3324 molestias
1760 3252 2107 3346 experior,
2146 3274 2232 3325 eo
2273 3253 2704 3348 frequentius

415 3452 424 3457 .
547 3381 804 3454 veteris
845 3380 1006 3451 mali
1048 3378 1376 3472 reliquias
1414 3377 1679 3464 meuse,
1708 3400 1930 3471 eoque
1957 3378 2211 3450 oertius
2242 3379 2565 3472 intelligo,
2602 3380 2709 3451 vi-

547 3529 702 3577 rum
767 3512 1170 3598 provectum
1220 3524 1344 3573 nec
1410 3501 1875 3593 praesentibus
1941 3502 2196 3594 frangi,
2267 3526 2398 3577 nec
2456 3503 2706 3574 futuris

547 3629 731 3721 angi,
780 3627 908 3700 sed
942 3637 1313 3720 utrumque
1355 3635 1628 3717 tempus
1680 3643 1883 3716 aequa
1931 3625 2153 3695 fronte
2207 3624 2588 3718 despicere,
2644 3634 2713 3694 et

546 3749 890 3843 quidquid
932 3771 1166 3821 secum
1203 3750 1313 3819 vel
1349 3747 1598 3832 attulit,
1638 3748 1751 3818 vel
1785 3747 2145 3841 praemisit,
2183 3747 2707 3842 parvipendere.

549 3872 928 3944 Praesentia
980 3883 1197 3957 tace0‚
1251 3871 1579 3964 quoniam
1630 3891 2022 3941 sermonem
2077 3869 2167 3940 de
2216 3871 2467 3942 futuris
2518 3870 2715 3941 insti-

553 3993 676 4076 tui,
721 4014 882 4086 quae
932 4007 1199 4067 mentes
1241 3993 1599 4065 hominum
1649 3992 1851 4064 vanis
1904 3993 2503 4086 expectationibus
2556 4012 2711 4062 sus-

553 4114 891 4207 pendunt,
954 4127 1024 4186 et
1083 4116 1155 4186 in
1217 4114 1504 4209 quihus,
1582 4115 1715 4185 nisi
1790 4116 2015 4200 fallor,
2091 4115 2528 4188 ridiculosius
2598 4134 2711 4182 er-

554 4248 766 4311 ratur.
841 4238 1240 4329 Expectans
1315 4238 1492 4309 alius
1568 4238 1958 4329 peregrinae
2028 4239 2230 4310 navis
2304 4238 2704 4319 adventum,
