3104 4805
953 376 1137 425 ussssn
1181 378 1917 436 omarus—Emsrom
1968 383 2006 430 1.
2438 372 2549 435 197

406 520 918 608 Verumtamen,
974 521 1093 593 ubi
1143 524 1433 594 multum
1485 524 1863 609 erraveriS,
1919 536 2039 597 aut
2079 526 2212 597 sub
2249 528 2557 621 pondere

403 647 584 718 male
632 645 823 717 dilati
887 645 1175 731 laboriS,
1240 646 1329 717 ad
1379 647 1600 739 ipsius
1668 657 1734 720 te
1797 647 2021 721 heatae
2084 650 2222 722 viae
2287 653 2558 724 culmen

402 777 672 862 oportet
709 769 1116 853 ascendere,
1161 777 1283 840 aut
1330 768 1399 838 in
1449 769 1882 842 convallibus
1925 783 2361 864 peccatorum
2404 785 2557 847 tuo-

403 914 559 962 rum
591 913 876 982 segnem
905 891 1384 984 procumbere:
1413 900 1482 962 et
1512 894 1573 963 si
1603 891 1814 986 (quod
1841 893 2129 965 ominari
2155 896 2430 992 horreo)
2463 898 2557 969 ibi

404 1024 472 1086 te
506 1015 809 1086 tenebrae
836 1026 909 1086 et
935 1015 1181 1087 umbra
1208 1015 1450 1086 mortis
1478 1015 1898 1103 invenerint,
1924 1027 2257 1090 aeternam
2286 1025 2559 1092 nocte‘m

405 1135 475 1206 in
516 1139 866 1231 perpetuis
907 1137 1328 1210 cruciatibus
1370 1159 1600 1229 agere.
1654 1139 1818 1210 Haec
1865 1139 2034 1210 mihi
2085 1141 2409 1233 cogitatio
2458 1142 2564 1212 in-

405 1260 734 1333 credibile
792 1261 976 1333 dictu
1045 1272 1154 1333 est
1216 1265 1550 1354 quantum
1602 1262 1691 1334 ad
1741 1285 1826 1334 ea
1874 1260 2036 1356 quae
2088 1263 2448 1337 restabant
2494 1275 2565 1337 et

406 1385 712 1455 animum
737 1393 807 1456 et
830 1407 1083 1478 corpus
1118 1385 1445 1457 erexerit.
1485 1383 1715 1479 Atque
1748 1385 2012 1457 utinam
2045 1389 2161 1459 vel
2198 1389 2300 1460 sic
2332 1388 2562 1460 animo

405 1488 730 1601 peragam
764 1507 894 1577 iter
929 1506 1118 1592 illud,
1156 1506 1270 1578 cui
1306 1506 1557 1578 diebus
1593 1519 1663 1578 et
1688 1507 2006 1579 noctibus
2036 1510 2330 1604 suspiro,
2363 1511 2558 1594 sicut,

409 1630 752 1725 superatis
794 1629 1073 1702 tandem
1115 1630 1654 1714 difficultatibuS,
1700 1629 2112 1702 hodiernum
2150 1632 2279 1703 iter
2319 1654 2564 1725 corpo-
2650 1675 2653 1680 -

409 1755 546 1824 reis
614 1753 906 1849 pedibus
974 1753 1234 1847 peregi.
1289 1753 1382 1826 At
1428 1752 1664 1826 nescio
1712 1776 1800 1824 an
1850 1777 1988 1826 non
2038 1758 2243 1847 longe
2298 1755 2564 1826 facilius

408 1899 568 1949 esse
601 1877 874 1962 debeat,
914 1878 1102 1970 quod
1137 1901 1260 1971 per
1293 1878 1521 1971 ipsum
1557 1879 1863 1949 animum
1896 1876 2144 1969 agilem
2181 1888 2253 1950 et
2286 1881 2568 1951 immor—

411 2003 630 2085 talem,
676 2001 826 2072 sine
869 2002 1010 2072 ullo
1043 2001 1239 2073 locali
1274 2011 1481 2086 motu,
1512 2000 1583 2070 in
1607 2001 1745 2072 ictu
1775 2000 2179 2094 trepidantis
2207 2003 2387 2073 oculi
2414 2000 2567 2073 fieri

409 2134 661 2220 potest,
704 2146 915 2217 quam
959 2124 1149 2217 quod
1184 2145 1515 2195 successu
1554 2124 1897 2217 temporiS,
1926 2146 2052 2218 per
2077 2122 2473 2196 moribundi
2498 2134 2569 2196 et

407 2249 649 2321 caduci
689 2247 997 2341 corporis
1041 2247 1486 2340 obsequium,
1534 2269 1616 2319 ac
1657 2245 1792 2318 sub
1841 2247 2040 2338 gravi
2100 2245 2565 2319 membrorum

409 2375 597 2445 fasce
624 2373 1005 2464 gerendum
1031 2382 1161 2444 est.
1200 2371 1406 2444 Collis
1439 2381 1547 2443 est
1580 2369 1885 2443 omnium
1920 2392 2319 2465 supremuS‚
2357 2391 2568 2463 quem

415 2498 775 2568 silvestres
836 2497 1111 2587 filiolum
1162 2504 1447 2579 vocant,
1505 2518 1630 2565 cur
1679 2495 1965 2585 ignoro;
2018 2493 2154 2566 nisi
2205 2492 2395 2587 quod
2445 2516 2568 2588 per

413 2618 883 2713 antiphrasim,
915 2627 993 2689 ut
1018 2617 1338 2712 quaedam
1367 2618 1499 2690 alia
1524 2617 1660 2691 dici
1687 2618 2023 2713 suspicor.
2058 2618 2352 2689 Videtur
2385 2617 2569 2688 enim

412 2765 583 2816 vere
623 2753 816 2835 pater
854 2743 1161 2814 omnium
1204 2742 1588 2814 vicinorum
1629 2740 1987 2813 montium.
2066 2740 2254 2811 Illius
2297 2741 2366 2811 in
2409 2762 2570 2811 ver-

417 2866 545 2938 tice
572 2865 890 2961 planities
916 2888 1133 2958 parva
1157 2873 1286 2935 est.
1324 2865 1466 2936 Illic
1498 2866 1778 2937 demum
1814 2864 1983 2935 fessi
2015 2864 2565 2956 conquievimus

415 2992 501 3061 Et
539 2988 867 3084 quoniam
920 2989 1175 3062 audisti
1224 3011 1550 3084 quaenam
1613 2988 2052 3061 ascendentis
2110 2988 2408 3080 impetus
2459 3010 2574 3059 ac-

414 3113 771 3186 cenderint
808 3135 1026 3199 curae,
1070 3113 1257 3199 audi,
1310 3122 1533 3209 pater,
1579 3122 1650 3183 et
1689 3113 1980 3204 reliqua3
2022 3118 2092 3181 et
2131 3132 2359 3193 unam,
2412 3132 2572 3203 pre-

415 3258 551 3321 cor,
596 3236 837 3309 horam
883 3245 1072 3309 tuam
1115 3234 1505 3327 relegendis
1549 3235 1756 3305 unius
1797 3232 1935 3304 diei
1978 3233 2114 3303 mei
2147 3229 2415 3302 actibus
2452 3230 2572 3299 tri-

417 3358 576 3432 bue.
617 3360 922 3432 Primum
964 3359 1271 3431 omnium
1317 3356 1561 3452 spiritu
1599 3355 1901 3449 quodam
1943 3354 2124 3427 aeris
2165 3352 2475 3435 insolito,
2504 3360 2576 3421 et

420 3486 812 3576 spectaculo
851 3482 1169 3555 liberiore
1201 3489 1579 3576 permotus,
1618 3477 1921 3571 stupenti
1958 3476 2200 3547 similis
2229 3474 2409 3545 steti.
2437 3475 2575 3544 Re-

420 3606 677 3699 spicio;
721 3606 944 3678 nubes
985 3615 1182 3677 erant
1232 3603 1366 3676 sub
1417 3600 1732 3697 pedibus.
1788 3600 2072 3692 Iamque
2122 3596 2292 3667 mihi
2344 3594 2572 3665 minus

417 3727 854 3801 incredibiles
895 3729 1054 3799 facti
1097 3736 1258 3799 sunt
1299 3724 1519 3798 Athos
1555 3733 1626 3797 et
1658 3725 2010 3820 Olympus,
2049 3721 2217 3793 dum
2256 3716 2445 3811 quod
2485 3716 2574 3788 de

420 3848 553 3921 illis
597 3852 952 3924 audieram
992 3861 1063 3922 et
1101 3854 1408 3943 legeram
1450 3850 1519 3920 in
1561 3847 1846 3919 minoris
1887 3849 2104 3921 famae
2131 3848 2361 3913 monte
2411 3861 2576 3910 con-

423 3973 660 4067 spicio.
703 3975 940 4065 Dirigo
979 3974 1232 4047 dehinc
1281 3975 1634 4045 oculorum
1688 3969 1917 4043 radios
1970 3968 2059 4040 ad
2108 3974 2340 4060 partes
2391 3961 2577 4032 Itali-

420 4116 569 4181 oas,
615 4118 756 4188 quo
796 4097 1021 4189 magis
1066 4095 1343 4167 inclinat
1375 4096 1668 4168 animus.
1706 4092 1913 4188 Alpes
1948 4092 2122 4184 ipsae
2156 4088 2460 4179 rigentes
2495 4104 2577 4154 ac

423 4217 719 4304 nivosae,
763 4241 887 4312 per
919 4240 1096 4312 quas
1138 4222 1326 4291 ferus
1370 4219 1482 4292 ille
1514 4219 1864 4313 quondam
1899 4214 2121 4289 hostis
2154 4207 2420 4283 romani
2455 4228 2577 4278 no-
