3104 4805
607 344 722 403 :³84
1284 357 1363 403 nr:
1407 356 1606 403 nehus
1650 355 2088 403 summamus

607 510 716 559 me
757 490 930 560 mori
980 508 1118 557 non
1166 485 1409 558 debuit
1457 497 1616 579 post
1663 508 1772 556 me
1825 494 2050 558 natus.
2104 483 2426 556 Accessit
2475 487 2756 554 fervens

604 621 812 704 atque
853 609 1065 682 anxia
1114 610 1269 681 eius
1319 609 1734 702 expectatiO,
1788 610 1876 682 de
1925 632 2064 703 qua
2114 610 2329 680 multa
2382 608 2517 680 iam
2570 608 2757 681 dixi:

604 736 706 807 sic
751 734 934 805 enim
987 732 1135 827 ipse
1186 732 1351 803 mihi
1418 755 1744 826 supremo
1795 733 2161 804 lacrimans
2227 732 2586 825 digressu,
2660 731 2761 804 sic

602 855 859 930 deinde
922 877 1046 949 per
1092 855 1354 926 litteras
1405 854 1790 948 pollicitus:
1845 856 1946 926 sic
1998 858 2318 927 Socrates
2370 877 2568 926 meus
2621 875 2757 925 non

602 982 909 1052 futurum
950 979 1113 1059 iam,
1159 979 1287 1050 sed
1337 987 1751 1070 praesentem
1801 977 1955 1049 eius
1998 980 2437 1050 nuntiaverat
2493 977 2761 1049 adven-

602 1115 776 1187 tum,
820 1103 1213 1195 digressum
1244 1123 1338 1173 ex
1376 1101 1593 1173 Gallia
1648 1111 1833 1173 recto
1884 1101 1974 1174 ad
2018 1124 2128 1173 me
2177 1101 2450 1173 tramite
2503 1099 2572 1169 in
2625 1101 2759 1171 Ita-

602 1228 766 1298 liam
823 1246 1212 1321 properare.
1275 1225 1422 1294 Heu
1474 1225 1677 1294 mihi!
1737 1247 1921 1296 nunc
1972 1227 2228 1308 re0010,
2287 1226 2479 1296 velut
2528 1222 2759 1297 adhuc

602 1349 765 1421 felix
804 1359 1014 1443 atque
1053 1350 1344 1441 integer,
1388 1347 1777 1442 proximam
1816 1347 2317 1420 abscissionem
2365 1357 2437 1417 et
2493 1347 2762 1417 instan-

605 1485 711 1544 tes
785 1473 1100 1544 miserias
1175 1471 1628 1564 praesagirem
1656 1527 1719 1561 „
1748 1493 2001 1564 meque
2074 1470 2433 1543 confestim
2509 1467 2756 1539 scirem

601 1595 859 1692 optima
901 1596 1032 1667 mei
1073 1595 1292 1690 ipsius
1332 1605 1528 1688 parte
1568 1593 1970 1679 cariturum,
2017 1592 2507 1665 brevissimam
2552 1591 2759 1662 felici-

606 1730 814 1791 tatem
858 1740 1083 1791 meam
1126 1715 1398 1788 nitebar
1437 1716 1848 1800 extendere,
1892 1717 2060 1810 quid
2107 1718 2245 1789 fata
2286 1736 2554 1786 mecum
2595 1737 2761 1806 age-

608 1852 767 1914 rent
807 1841 1155 1933 ignoranS.
1199 1839 1478 1924 Veniet,
1515 1839 1853 1924 dicebam,
1898 1839 2092 1934 prius
2136 1861 2247 1909 me
2289 1860 2501 1932 quam
2553 1859 2761 1929 gran-

606 1966 891 2038 daevum
933 1974 1226 2060 patrem,
1272 1986 1480 2057 quam
1523 1964 1762 2035 dulces
1813 1965 2063 2034 fratres
2115 1985 2194 2034 ac
2247 1983 2521 2034 sorores
2574 1961 2761 2031 vise-

606 2111 704 2161 re.
749 2091 1047 2162 Iniiciam
1093 2109 1338 2160 manus
1390 2098 1601 2181 atque
1655 2086 1932 2169 tenebO,
1987 2109 2116 2158 nec
2164 2085 2436 2178 magnis
2490 2082 2756 2154 viribus

604 2233 782 2304 opus
832 2210 996 2292 erit;
1048 2210 1530 2304 opitulatorem
1582 2232 1676 2281 ex
1742 2209 2044 2282 adverso
2108 2208 2497 2291 inveniam;
2566 2229 2760 2278 amor

604 2334 724 2427 qui
763 2355 920 2404 cum
964 2333 1076 2404 illo
1117 2332 1383 2405 habitat
1422 2343 1653 2426 partes
1696 2355 1968 2406 mecum
2010 2332 2231 2406 faciet.
2276 2335 2416 2406 Iam
2460 2332 2572 2404 ille
2611 2352 2759 2402 cre-

604 2454 729 2525 bro
768 2454 935 2524 mihi
972 2454 1203 2527 dicere
1253 2467 1721 2529 consueverat
1769 2457 2215 2530 Horatianum
2268 2457 2467 2534 illud:
2524 2456 2759 2526 Tecum

603 2576 826 2644 vivere
860 2597 1099 2659 amem,
1138 2586 1344 2645 tecum
1388 2579 1613 2649 obeam
1646 2581 1870 2649 libens.
1908 2581 2045 2651 Sed
2075 2601 2240 2652 ecce
2274 2603 2548 2664 manus,
2580 2601 2758 2673 quas

603 2718 735 2787 ego
777 2695 910 2767 sibi
951 2695 1229 2768 iniicere
1268 2697 1683 2789 cogitabam,
1731 2722 1917 2772 mors
1969 2700 2223 2785 iniecit,
2282 2716 2353 2773 et
2408 2702 2617 2796 (quod
2670 2702 2759 2775 ad

603 2827 670 2888 te
709 2817 928 2912 pridie
970 2819 1165 2890 brevi
1214 2819 1513 2913 quadam
1568 2818 1857 2915 epistola
1907 2820 2257 2905 dixeram,
2311 2822 2400 2893 de
2446 2823 2759 2894 consiliis

602 2941 958 3018 hominum
1020 2941 1321 3014 iudicare
1386 2942 1753 3034 fortunam)
1821 2945 2026 3034 longe
2091 2942 2290 3013 aliter
2354 2954 2564 3034 atque
2619 2965 2757 3033 ego

605 3087 996 3151 senseram,
1033 3063 1479 3159 interpretata
1529 3074 1659 3137 est.
1695 3065 1918 3150 Nunc,
1955 3075 2191 3160 erepta
2235 3086 2386 3160 spe,
2442 3061 2755 3154 gemina-

606 3201 812 3283 toque
858 3188 1233 3272 desiderio,
1286 3189 1457 3282 quid
1507 3191 1770 3281 agam?
1818 3186 2243 3262 Lacrimisne
2280 3198 2488 3281 atque
2522 3185 2758 3279 suspi-

605 3312 727 3382 riis
768 3311 937 3398 alar,
980 3322 1050 3384 et
1100 3311 1167 3382 in
1220 3309 1462 3384 amissi
1515 3313 1735 3381 locum
1789 3332 2158 3385 moerorem
2212 3333 2447 3383 meum
2499 3307 2759 3379 indesi-

603 3445 849 3506 nenter
896 3436 1325 3531 amplectar?
1365 3433 1471 3514 An
1513 3457 1683 3507 vero
1724 3456 2049 3506 serenare
2087 3433 2396 3507 animum
2437 3432 2644 3517 nitar,
2687 3442 2765 3502 et

603 3556 1334 3654 circumstrepentibus
1400 3561 1693 3630 fortunae
1758 3557 1961 3629 minis
2026 3558 2095 3628 in
2162 3580 2396 3635 arcem
2471 3557 2757 3629 rationis

602 3681 960 3754 evadere‘?
1000 3683 1144 3754 Hoc
1182 3692 1496 3775 praestat,
1535 3682 1703 3760 illud
1744 3686 2008 3777 placet3
2052 3681 2212 3756 hinc
2256 3682 2478 3753 virtus
2521 3680 2754 3772 erigit,

604 3803 763 3877 hinc
803 3805 1089 3881 affectus
1131 3807 1527 3879 incurvant:
1570 3817 1640 3878 et
1679 3829 1817 3901 quo
1857 3830 1967 3877 me
2002 3817 2299 3891 vertam,
2339 3806 2606 3899 quidve
2642 3824 2758 3899 po-

605 3929 947 4000 tissimum
991 3951 1272 4023 sequar,
1319 3929 1621 4007 incertus
1675 3950 1860 4015 sum,
1916 3940 1986 4000 et
2020 3932 2197 4001 male
2233 3929 2401 3999 mihi
2458 3940 2572 4000 est
2627 3949 2763 3998 sae-

602 4050 888 4141 pissime
949 4052 1251 4136 cadenti,
1305 4053 1695 4149 saepissime
1747 4052 2161 4146 resurgenti.
2218 4055 2449 4123 Saona
2503 4072 2758 4122 nocens

603 4181 807 4260 atque
845 4172 1074 4262 impia,
1122 4197 1281 4266 quae
1319 4198 1427 4245 me
1474 4176 1583 4246 his
1626 4175 2096 4247 anxietatibus
2140 4173 2530 4247 involvisti!
2573 4168 2757 4252 Quid
