3104 4805
903 351 1085 398 mni-:n
1130 350 1812 400 SEXTUS.—EplsToLA
1856 353 1941 400 111.
2377 340 2494 402 319

348 521 563 596 prope
613 499 704 570 ad
754 500 1193 572 millesimum
1247 500 1411 573 vitae
1461 524 1718 573 annum
1783 502 2193 593 pervenisse
2251 503 2502 579 confir-

225 612 235 624 ’
350 635 559 696 mant.
589 624 728 696 Sed
767 624 1074 708 eosdem,
1105 623 1262 695 licet
1303 624 1557 709 seriuS,
1603 635 1833 696 tamen
1863 626 2184 699 senuisse
2210 650 2345 700 non
2385 653 2503 703 ne-

355 758 539 842 gant.
581 749 742 832 Hos,
771 747 1073 841 inquam,
1114 748 1375 832 omitto,
1414 748 1504 819 de
1545 769 1842 841 quorum
1892 748 2218 820 aetatibus
2254 773 2505 843 magna

355 871 534 942 inter
581 891 875 964 magnos
927 872 1105 940 solet
1152 891 1315 942 esse
1347 869 1718 951 contentio;
1777 891 1940 962 quae
1981 872 2346 963 praesentis
2387 893 2511 943 no-

358 993 485 1066 stri
533 991 866 1086 propositi
910 1016 1047 1064 non
1079 1003 1207 1066 est.
1252 991 1361 1065 Ad
1395 992 1547 1065 illos
1590 992 1794 1065 venio
1845 992 2123 1086 quibus,
2170 1002 2247 1064 ut
2280 993 2510 1069 minus

358 1116 557 1202 mira,
604 1116 706 1190 sic
740 1116 1068 1189 sensibus
1121 1117 1378 1189 nostris
1408 1116 1989 1189 accommodatior
2016 1127 2128 1190 est
2166 1128 2363 1190 aetas.
2392 1121 2516 1190 Se*

358 1240 509 1312 nuit
556 1239 939 1324 Abraham3
993 1241 1225 1312 senuit
1273 1241 1485 1327 Isaac,
1519 1240 1751 1313 senuit
1785 1241 2019 1313 Iacob.
2066 1244 2164 1313 De
2218 1264 2516 1335 quorum

361 1364 585 1458 primo
621 1365 951 1458 scriptum
990 1374 1126 1435 est:
1168 1364 1342 1433 Erat
1364 1376 1585 1434 autem
1609 1365 1939 1435 Abraham
1977 1386 2188 1436 senem
2225 1364 2519 1436 dierum-

362 1510 485 1578 que
525 1490 911 1569 multorum
952 1497 1023 1560 et
1062 1487 1337 1559 iterum:
1389 1486 1693 1580 deficiens
1732 1500 2027 1558 mortuus
2069 1500 2162 1559 est
2217 1492 2290 1560 in
2327 1512 2516 1561 sene-

365 1622 536 1680 ctute
580 1612 752 1681 bona
773 1623 1227 1705 provectoeque
1251 1613 1460 1683 oetatis
1484 1622 1548 1681 et
1572 1612 1809 1705 plenus
1839 1609 2114 1681 dierum.
2143 1612 2242 1683 De
2270 1633 2523 1685 secun·-

362 1733 488 1805 do:
539 1728 781 1804 Senuit
837 1746 1060 1805 autem
1099 1735 1316 1819 Isaac,
1365 1746 1428 1805 et
1491 1736 1953 1823 caliqaverunt
1999 1736 2174 1804 oculi
2224 1735 2395 1819 eius,
2463 1748 2525 1806 et

366 1855 589 1926 videre
623 1879 759 1925 non
787 1869 1081 1951 poterat;
1122 1867 1195 1929 et
1227 1878 1528 1929 rursum:
1570 1868 2110 1950 consumptusque
2134 1869 2325 1927 oetate
2346 1880 2526 1929 mor-

372 1990 521 2048 tuus
553 1990 670 2065 est,
710 1990 770 2048 et
801 1981 1136 2074 appositus
1160 1981 1408 2073 populo
1438 2000 1672 2066 senem,
1717 1992 1780 2050 et
1823 1982 2061 2074 plenus
2100 1978 2376 2050 dierum.
2422 1980 2522 2053 De

375 2101 609 2174 tertio:
659 2101 854 2173 Oculi
901 2102 1110 2173 Israel
1168 2103 1543 2193 caliqabant
1590 2125 1738 2196 prae
1772 2104 1984 2174 nimia
2044 2114 2398 2189 senectute,
2467 2115 2527 2173 et

373 2227 551 2295 clare
597 2224 821 2296 videre
869 2249 1006 2296 non
1030 2237 1361 2320 poterant.
1403 2226 1655 2299 Audis:
1706 2248 1868 2299 ecce
1918 2248 2048 2299 nec
2099 2235 2527 2298 senectutem

371 2349 607 2436 modo,
673 2349 797 2422 sed
836 2351 1193 2423 oculorum
1247 2372 1527 2445 quoque
1594 2350 1958 2443 caliginem
2025 2373 2106 2424 ac
2153 2350 2522 2423 defectum.

373 2474 656 2569 Moyses
697 2476 994 2545 fortasse
1037 2473 1409 2559 robustior,
1455 2474 1545 2546 de
1583 2483 1742 2568 quo,
1774 2497 1933 2547 cum
1958 2484 2237 2546 centum
2280 2470 2527 2563 viginti

373 2606 569 2669 esset
607 2619 977 2682 annorum,
1022 2605 1092 2668 et
1130 2607 1534 2683 moreretur,
1569 2597 1663 2669 ita
1687 2597 2005 2690 legimus.
2036 2596 2189 2666 Non
2218 2596 2531 2686 caliqavit

374 2726 598 2792 oculus
623 2724 790 2806 eius,
835 2743 955 2792 nec
996 2719 1216 2793 dentes
1242 2723 1422 2792 illius
1449 2721 1613 2792 moti
1643 2733 1816 2792 sunt.
1859 2719 2211 2814 Numquid
2245 2719 2400 2792 ideo
2426 2731 2529 2791 ta-

376 2868 536 2918 men
576 2868 715 2917 non
751 2854 1106 2931 senuerat,
1176 2846 1340 2939 quia
1392 2846 1678 2919 solidior
1729 2867 1954 2917 senex
2010 2847 2250 2916 esset?
2314 2842 2527 2914 Cuius

378 2992 745 3044 successor
785 2972 989 3043 losue
1025 2968 1316 3041 bellator
1349 2968 1676 3060 insignis,
1706 2968 1826 3062 qui
1869 2975 1968 3039 tot
2009 2989 2215 3061 reges
2251 2967 2525 3049 occidit,

377 3103 477 3165 tot
506 3095 798 3189 populos
840 3093 1116 3177 stravit,
1173 3092 1369 3163 senio
1409 3091 1692 3163 obstare
1739 3113 1879 3163 non
1919 3092 2167 3184 potuit,
2205 3090 2373 3183 quin
2406 3109 2533 3159 au-

375 3215 558 3288 diret
589 3216 959 3286 Dominum
1009 3215 1351 3286 dicentem
1392 3212 1556 3283 sibi:
1606 3210 1905 3283 Senuisci
1944 3225 2005 3283 et
2046 3217 2379 3304 lonqoevus
2429 3232 2531 3292 es,-

376 3347 449 3409 et
487 3337 637 3430 ipse
670 3344 1095 3427 congregato
1136 3336 1391 3430 populo
1424 3335 1688 3407 diceret
1721 3335 1810 3406 ad
1843 3357 1999 3406 eos:
2035 3335 2178 3428 E90
2230 3334 2420 3405 senui
2470 3343 2533 3403 et

371 3459 835 3554 proqressioris
874 3458 1086 3527 aetatis
1118 3480 1280 3527 sum.
1312 3457 1431 3526 Ille
1463 3456 1587 3539 vir,
1630 3456 1832 3527 cuius
1871 3457 2026 3529 voci
2053 3460 2241 3529 Deus
2271 3456 2529 3551 paruit,

382 3583 501 3675 qui
540 3578 851 3651 inaudita
893 3577 1147 3650 fiducia
1189 3577 1315 3649 soli
1365 3599 1446 3648 ac
1496 3580 1681 3648 lunae
1730 3580 2059 3674 praecepit
2110 3592 2188 3651 ut
2245 3589 2529 3666 starent,

379 3714 451 3776 et
483 3711 842 3785 steterunt,
871 3700 1208 3793 numquid
1240 3700 1432 3772 illum
1465 3699 1935 3792 fugacissimae
1957 3702 2139 3775 diem
2167 3703 2334 3776 vitae
2372 3726 2537 3776 con-

385 3827 600 3898 tinere
638 3826 862 3921 potuit
898 3848 986 3898 ne
1035 3835 1458 3921 properaret,
1496 3835 1620 3897 aut
1658 3825 1939 3897 obviam
1976 3836 2402 3900 senectutem
2429 3849 2536 3900 re-

386 3946 736 4019 tardaret?
776 3947 957 4032 Quid
997 3948 1218 4020 David
1244 3950 1421 4019 rex‘?
1450 3947 1695 4019 Nonne
1739 3958 1812 4019 et
1852 3947 2003 4042 ipse
2041 3960 2378 4035 senuerat,
2415 3949 2535 4020 lta-

388 4070 692 4162 bebacque
754 4072 965 4142 oetatis
1033 4073 1352 4165 plurimos
1415 4068 1550 4141 dies
1568 4127 1583 4155 ,
1652 4092 1925 4162 cumque
1993 4072 2358 4166 operiretur
2416 4094 2530 4143 ve-
2575 4103 2586 4116 ·

386 4194 613 4278 stibus,
651 4215 785 4263 non
821 4195 1168 4286 calefiebat.
1203 4195 1271 4268 Is
1314 4193 1512 4266 cuius
1550 4205 1621 4265 et
1661 4194 1838 4266 inter
1880 4195 2196 4270 homines
2245 4206 2318 4268 et
2354 4218 2523 4288 erga
