3104 4805
602 376 718 438 394
1282 386 1362 432 nn
1405 385 1606 433 nunus
1649 385 2090 434 ruminamus

600 531 780 598 Sane
822 547 1101 597 carmen
1142 524 1536 614 egregium,
1593 524 1782 616 quod
1832 525 2163 595 insertum
2217 534 2368 596 erat
2414 527 2756 618 epistolae,

601 651 749 719 sinc
803 668 1137 738 responso
1190 645 1596 728 mansisset,
1669 645 1874 717 tacita
1925 647 2059 716 mei
2112 647 2409 738 pectoris
2461 647 2762 717 admira-

602 772 780 841 tione
805 778 1238 848 contentum3
1276 767 1410 836 nisi
1444 765 1832 837 obstitisset
1867 766 2125 857 ingenii
2163 767 2264 836 tui
2298 767 2648 849 meritum,
2687 767 2757 835 in

600 901 786 960 tanta
850 887 1236 984 praesertim
1306 887 1620 979 vulgaris
1688 888 2100 979 ignorantiae
2153 887 2342 958 nube
2394 888 2751 959 radiantis

597 1013 909 1105 Accipies
951 1012 1159 1102 igitur
1196 1032 1539 1094 seorsum,
1580 1021 1650 1080 et
1682 1011 2194 1102 qualecumque
2227 1020 2353 1092 est,
2392 1008 2549 1078 boni
2586 1031 2756 1080 con-

597 1137 811 1214 suleS,
856 1155 1137 1203 carmen
1180 1131 1425 1214 breve,
1471 1130 1659 1223 quod
1702 1130 1771 1199 in
1815 1131 2178 1202 lacrimosa
2222 1130 2507 1202 materia
2548 1151 2754 1200 occu-

594 1265 753 1347 pato
786 1276 968 1325 nunc
1000 1254 1230 1325 animo
1267 1253 1389 1323 vix
1422 1250 1715 1336 extorsi,
1756 1274 1891 1323 non
1936 1263 2074 1323 tam
2115 1263 2190 1324 ut
2228 1251 2299 1323 id
2334 1271 2750 1344 responsum

592 1387 812 1457 esset,
858 1397 1065 1466 quam
1109 1396 1198 1445 ne
1237 1373 1427 1443 nihil.
1475 1375 1669 1444 Vale.

1414 1813 1766 1876 EPISTOLA
1812 1815 1924 1876 XV.

774 2033 1158 2081 FRANCISCUS
1204 2030 1540 2080 PETRARCA
1586 2028 1860 2077 LUCHlNO
1907 2030 2268 2078 Vtut-:cotun
2311 2031 2363 2078 S.
2408 2030 2462 2079 Ρ.
2512 2032 2570 2078 D.

589 2213 802 2267 Laudat
839 2213 910 2267 ob
948 2211 1191 2267 studium
1231 2210 1575 2275 litterarum,
1613 2223 1738 2277 quae
1775 2206 2013 2260 maxime
2051 2206 2333 2278 Principes
2365 2206 2510 2262 viros
2548 2209 2745 2265 decere

762 2303 1136 2368 demonstrat,
1168 2304 1224 2354 et
1253 2298 1330 2352 illi
1364 2296 1660 2351 nonnullas
1696 2295 1937 2349 viridarii
1975 2295 2060 2349 sui
2096 2298 2313 2367 plantas
2343 2314 2469 2351 cum
2501 2300 2745 2353 carmine

760 2387 945 2441 mittit.

777 2605 1033 2687 Quales
1079 2622 1556 2694 speraveram,
1602 2602 1742 2673 imo
1781 2602 2062 2692 quidem
2118 2607 2362 2693 quales
2414 2627 2540 2676 nec
2588 2626 2745 2699 spe—

582 2749 927 2809 raveram,
991 2724 1255 2793 litteras
1321 2731 1477 2791 tuas
1544 2723 1701 2812 legi.
1769 2724 2091 2792 Gratulor
2155 2724 2333 2794 inter
2392 2729 2744 2797 excellen—

580 2850 741 2919 tiam
796 2858 981 2917 tuam
1033 2856 1105 2916 et
1151 2842 1605 2915 humilitatem
1658 2864 1883 2912 meam
1936 2841 2068 2912 hoc
2122 2846 2366 2915 saltem
2436 2846 2743 2917 interve-

578 2967 767 3039 nisse
808 2966 1326 3048 commercium,
1372 2967 1719 3056 talemque
1763 2961 1928 3033 mihi
1970 2961 2059 3031 ad
2096 2962 2404 3033 notitiam
2452 2962 2544 3031 tui
2588 2964 2734 3033 adi-

581 3102 722 3162 tum
788 3089 1147 3183 aperuisse
1184 3090 1563 3179 ‚foi-tunam.
1626 3086 1700 3154 ln
1754 3106 1841 3154 eo
1892 3106 2059 3155 sane
2106 3083 2296 3175 quod
2350 3082 2732 3153 litterarum

581 3217 887 3305 ipsarum
942 3211 1178 3283 ultima
1231 3228 1390 3300 pars
1443 3207 1665 3291 iubet,
1718 3205 2097 3298 diligentiae
2147 3227 2328 3277 meae
2378 3226 2547 3276 cura
2598 3226 2735 3274 non

578 3336 822 3418 deerit,
866 3354 1088 3425 eoque
1129 3329 1515 3424 promptius
1558 3329 1807 3413 enitar,
1861 3351 2002 3421 quo
2052 3330 2208 3421 plus
2259 3326 2736 3400 delectationis

579 3455 769 3527 labor
817 3453 1078 3525 afferet.
1120 3454 1300 3521 Dum
1341 3451 1754 3521 hortulanus
1790 3448 2030 3520 herbis
2065 3457 2136 3519 et
2168 3448 2565 3534 arboribuS,
2603 3468 2737 3537 ego

575 3574 813 3648 verbis
880 3583 949 3645 et
1012 3571 1438 3643 carminibus
1490 3571 1913 3655 incumbam,
1971 3571 2307 3642 invitante
2366 3570 2498 3642 rivi
2549 3593 2737 3640 mur-

578 3719 803 3780 mure,
850 3697 967 3789 qui
1012 3696 1348 3788 querulus
1383 3693 1562 3784 fugit
1597 3704 1667 3763 et
1701 3693 1954 3764 dextra
1990 3696 2308 3784 laevaque
2345 3693 2736 3784 prominen-

580 3829 714 3889 tem
752 3818 1147 3911 pomiferam
1188 3817 1436 3887 silvam
1474 3823 1690 3887 secat:
1727 3816 1929 3886 cuius
1966 3814 2177 3886 studii
2215 3814 2557 3907 primitias
2598 3814 2731 3883 iam

579 3961 761 4008 nunc
810 3937 1239 4028 degustabis.
1310 3935 1459 4006 Etsi
1509 3937 1809 4007 fortasse
1859 3937 2166 4008 animum
2221 3936 2579 4007 altissimis
2631 3936 2733 4004 in-

578 4064 841 4127 tentum
883 4059 1070 4129 curis
1111 4058 1245 4129 ista
1287 4078 1425 4128 non
1471 4066 1784 4149 tangant,
1831 4068 1907 4128 ut
1949 4069 2335 4153 temporum
2389 4078 2543 4128 mos
2592 4068 2729 4138 est;

578 4177 720 4249 scio
757 4185 985 4249 tamen
1022 4182 1173 4250 illos
1211 4191 1351 4250 tam
1385 4201 1680 4269 magnos
1719 4202 1945 4250 rerum
1982 4179 2333 4261 dominOS‚
2373 4179 2618 4249 lulium
2659 4187 2730 4247 et
