3104 4805
918 365 1103 413 121ssssss
1148 365 1395 416 ramus.
1421 369 1824 418 —Emsrom
1868 372 1905 417 1.
2407 354 2483 414 33

334 518 508 588 Nam
562 513 751 606 apud
810 513 1199 599 Paulinum,
1243 512 1362 605 qui
1411 512 1760 585 Ambrosii
1811 514 2020 586 vitam
2077 515 2375 609 scripsit,
2417 527 2487 587 et

335 639 872 711 obtrectatorum
906 635 1056 706 eius
1091 633 1368 707 nomina
1403 636 1716 727 legimuS,
1748 649 1818 708 et
1850 637 2221 709 vindictam
2249 639 2487 711 divino

337 759 591 833 iudicio
631 759 1025 850 irrogatam.
1061 759 1292 829 Perfer
1332 757 1542 850 igitur
1583 759 1717 832 iam
1762 759 1910 831 sine
1948 762 2262 834 lamentis
2301 766 2490 855 quod

341 884 634 956 summis
683 881 979 973 ingeniis
1030 881 1405 973 contigisse
1454 883 1675 955 vides.
1717 883 1991 956 Videris
2044 894 2273 956 autem
2320 909 2492 977 qua-

341 1008 503 1079 dam
554 1004 627 1075 in
673 1014 867 1097 parte
916 1014 1192 1074 tuarum
1241 1002 1622 1075 litterarum
1671 1004 1804 1076 hoc
1853 1006 2079 1099 ipsum
2130 1007 2486 1099 conqueri,

342 1129 533 1223 quod
582 1129 834 1197 multos
874 1124 1154 1197 noveris
1195 1116 1524 1218 magnum
1567 1126 1637 1198 in
1677 1128 1823 1199 vita
1862 1150 2112 1199 nomen
2154 1151 2494 1221 assequu-

346 1264 478 1324 tos,
529 1251 620 1321 Et
669 1250 800 1321 hoc
850 1271 1154 1341 quoque,
1210 1246 1416 1320 sime
1465 1248 1705 1321 audire
1754 1250 2086 1336 volueris,
2132 1249 2496 1342 magnifiee

347 1384 766 1447 contemnes.
811 1371 959 1442 Scis
998 1369 1183 1441 enim
1223 1370 1476 1464 quibus
1520 1372 1652 1443 hoc
1698 1371 1975 1444 evenit?
2015 1374 2135 1444 His
2175 1373 2495 1466 equidem

350 1495 543 1580 solis,
579 1494 701 1588 qui
732 1495 985 1566 famam
1022 1515 1245 1577 suam,
1284 1494 1610 1587 quoniam
1643 1497 1906 1567 calamo
1945 1506 2322 1589 nequeunt,
2359 1498 2500 1566 cla-

351 1640 542 1690 more
589 1618 983 1696 defendunt.
1040 1615 1290 1709 Aspice
1336 1617 1509 1688 istos
1559 1631 2005 1712 purpuratOS,
2061 1619 2182 1712 qui
2239 1617 2499 1710 ingenti

355 1739 642 1833 strepitu
692 1740 1102 1833 populorum
1171 1738 1241 1809 in
1297 1761 1372 1809 se
1420 1761 1541 1810 ora
1601 1750 2032 1824 convertunt,
2087 1740 2208 1832 qui
2262 1762 2337 1810 se
2388 1761 2501 1811 sa-

355 1860 621 1953 pientes
662 1859 798 1932 dici
838 1863 1104 1946 volunt,
1147 1870 1216 1932 et
1253 1883 1430 1953 quos
1474 1861 1817 1954 sapientes
1868 1863 2125 1952 vulgus
2176 1864 2496 1956 appellat,

359 1981 653 2073 singulis
703 1982 1096 2055 civitatibus
1150 1983 1504 2055 ascribens
1560 1983 1945 2077 sapientum
2008 2005 2290 2075 gregeS,
2344 2004 2503 2053 cum

362 2117 589 2177 tamen
637 2106 749 2178 illa
797 2107 1052 2179 florens
1103 2106 1264 2178 olim
1318 2106 1705 2178 studiorum
1756 2117 1975 2178 mater
2013 2106 2310 2191 Graecia,
2366 2128 2504 2177 non

359 2229 651 2322 amplius
701 2252 911 2322 quam
962 2240 1226 2323 septem
1268 2229 1656 2321 sapientum
1696 2229 2092 2301 nominibus
2144 2228 2500 2321 glorietur,

357 2350 550 2444 quod
586 2348 814 2442 ipsum
854 2349 1149 2444 posteris
1191 2349 1606 2444 importunae
1646 2372 1894 2423 nomen
1947 2351 2362 2444 arrogantiae
2401 2349 2509 2422 vi·-

362 2494 522 2543 sum
570 2482 709 2544 est:
763 2472 885 2543 sed
931 2472 1051 2565 qui
1101 2494 1223 2544 eos
1272 2485 1614 2544 excusant
1676 2474 1870 2546 aiunt
1927 2496 2064 2545 non
2123 2473 2195 2546 id
2242 2473 2344 2544 eis
2392 2495 2509 2545 co-

362 2610 661 2679 gnomen
701 2589 975 2683 proprio
1025 2589 1301 2674 iudicio,
1348 2590 1473 2661 sed
1523 2592 1934 2684 populorum
1988 2588 2335 2681 suffragiis
2384 2587 2511 2659 ob-

364 2710 622 2803 tigisse.
678 2711 869 2783 Unus
908 2734 1002 2783 ex
1040 2712 1363 2783 omnibus
1407 2713 1684 2784 saeculis
1737 2713 2079 2805 Epicurus
2132 2711 2507 2802 sapientem

366 2856 440 2905 se
476 2833 781 2928 profiteri
820 2858 1036 2906 ausus
1078 2834 1530 2908 intolleranda
1581 2836 1929 2929 superbia,
1976 2858 2099 2906 seu
2149 2833 2376 2927 potius
2417 2832 2513 2902 ri-

365 2956 671 3029 diculosa
708 2957 1080 3043 dementia,
1116 2958 1315 3029 cuius
1361 2959 1665 3030 secundo
1705 2942 1803 3029 De
1843 2957 2130 3027 Finibus
2171 2954 2509 3026 bonorum

363 3088 433 3149 et
464 3080 799 3150 malorum
839 3077 1147 3151 meminit
1188 3080 1445 3152 Cicero.
1486 3080 1704 3152 Hodie
1744 3080 1814 3151 in
1855 3091 2249 3152 nostrorum
2282 3077 2513 3154 causi—

367 3200 673 3273 dicorum
724 3223 935 3294 grege
987 3204 1179 3273 furor
1222 3201 1332 3274 ille
1372 3203 1686 3293 vulgaris
1734 3214 1864 3275 est.
1918 3202 2204 3295 Respice
2264 3212 2333 3273 et
2381 3202 2510 3272 hos

364 3323 487 3417 qui
518 3322 589 3393 in
622 3322 1179 3397 altercationibus
1213 3333 1285 3395 et
1313 3324 1862 3397 cavillationibus
1897 3323 2268 3397 dialecticis
2298 3332 2512 3394 totum
2567 3351 2576 3356 ·

367 3443 538 3515 vitae
577 3455 843 3540 tempus
893 3446 1328 3539 expendunt,
1375 3470 1587 3540 seque
1637 3448 1959 3519 inanibus
2013 3469 2282 3539 semper
2319 3464 2515 3535 quae-

368 3567 730 3641 stiunculis
769 3568 1157 3662 exagitant:
1199 3579 1271 3640 et
1308 3570 1731 3663 praesagium
1783 3591 2011 3639 meum
2061 3569 2149 3638 de
2191 3564 2514 3636 omnibus

369 3687 637 3761 habeto.
673 3689 996 3762 Omnium
1029 3712 1279 3783 nempe
1312 3713 1469 3761 cum
1511 3688 1682 3781 ipsis
1717 3691 1898 3760 fama
1930 3696 2229 3768 corruet,
2267 3707 2518 3756 unum-

367 3833 507 3904 que
548 3816 936 3906 sepulcrum
986 3813 1247 3885 nomini
1295 3812 1715 3904 ossibusque
1756 3808 2077 3881 sufficiet:
2127 3830 2285 3878 cum
2331 3807 2515 3879 enim

367 3957 559 4007 mors
616 3935 934 4028 frigidam
994 3938 1302 4028 linguam
1362 3947 1547 4008 stare
1603 3932 1933 4025 coegerit,
1987 3953 2124 4020 non
2181 3931 2386 4004 modo
2443 3942 2519 4003 ut

369 4056 617 4131 sileant
650 4082 939 4133 necesse
970 4070 1108 4144 est,
1142 4059 1269 4130 sed
1293 4069 1371 4130 ut
1399 4058 1488 4130 de
1510 4057 1624 4129 his
1656 4055 1862 4128 etiam
1899 4055 2198 4127 sileatur.
2232 4056 2517 4126 Possem

365 4183 702 4279 exemplis
738 4185 1056 4265 affluere,
1096 4191 1295 4274 teque
1335 4181 1565 4276 ipsum
1600 4181 1671 4254 in
1713 4177 1944 4253 multis
1989 4189 2232 4252 testem
2272 4180 2513 4250 facere.

683 4316 718 4354 1.
2238 4299 2269 4346 3
