3104 4805
909 377 1098 426 unna
1139 377 1587 428 ssscunnus.—
1613 377 1919 429 EPISTOLA
1961 382 2021 429 x.
2443 368 2558 430 129

398 521 788 593 clarissime
838 522 978 607 vir,
1022 543 1240 593 unum
1280 521 1370 593 de
1422 530 1491 593 te
1557 521 1762 593 bonae
1812 521 1962 616 spei
2006 523 2259 618 pignus
2311 522 2554 596 habeo.

399 642 674 716 Videris
715 643 883 714 mihi
934 643 1076 716 vim
1143 643 1314 739 pati,
1357 652 1454 731 et,
1499 645 1621 739 qui
1679 646 2043 740 proximus
2110 647 2200 718 ad
2266 649 2559 719 salutem

401 768 664 861 gradus
696 776 833 854 est,
867 777 1119 839 statum
1151 778 1289 840 tuae
1315 767 1568 840 mentis
1610 790 2010 860 agnoscere.
2052 769 2331 841 Videris
2366 770 2556 854 mihi,

400 889 868 982 indignatione
917 887 1314 983 magnifica,
1354 914 1510 963 cum
1546 892 1849 988 primum
1904 914 1982 964 se
2031 893 2320 965 facultas
2362 894 2562 965 obtu-

402 1012 581 1096 lerit,
627 1034 723 1083 ex
764 1012 876 1082 his
915 1011 1370 1106 compedibus
1412 1034 1783 1086 evasurus.
1825 1014 2016 1085 Vale.

683 1157 770 1211 Ad
797 1157 1005 1212 sontem
1034 1159 1271 1229 Sorgiae,
1303 1158 1425 1212 Kal.
1460 1157 1605 1212 Maii.

1237 1561 1589 1626 EPISTOLA
1639 1561 1727 1626 xl.

631 1758 1014 1807 FRANCISCUS
1049 1758 1382 1808 PETRARCA
1422 1757 1698 1808 AGAPITO
1733 1759 2046 1809 COLUMNAE
2085 1761 2137 1810 S.
2176 1762 2229 1810 P.
2269 1761 2329 1809 1).

1113 1927 1314 1980 Secum
1339 1930 1617 1979 coenatum
1644 1924 1854 1980 invitat.

602 2124 712 2197 Ad
752 2147 1023 2199 coenam
1065 2135 1476 2223 expectatus
1519 2126 1789 2208 venies,
1834 2145 2236 2218 memorque
2275 2145 2411 2196 non
2453 2123 2566 2193 hic

411 2249 942 2342 Cupedinarium
971 2251 1196 2322 forum
1221 2270 1403 2321 esse.
1432 2250 1784 2323 Poeticum
1811 2248 1931 2320 tibi
1957 2247 2357 2320 convivium
2382 2268 2567 2340 prae-

413 2349 520 2444 sto
569 2380 720 2443 est:
770 2372 1062 2467 ideoque
1112 2396 1249 2446 non
1299 2373 1649 2447 Iuvenalis
1699 2382 1820 2448 aut
1866 2372 2116 2461 Flacci,
2186 2369 2311 2445 sed
2359 2371 2565 2463 quale

415 2518 470 2565 a.
497 2495 781 2587 Virgilio
820 2500 1166 2592 pastorale
1205 2497 1661 2568 describitur:

1680 2684 1845 2750 Mitia
1876 2703 2088 2767 poma,

809 2788 1112 2852 Castaneae
1144 2789 1386 2867 molles,
1424 2796 1485 2851 et
1523 2791 1719 2870 pressi
1749 2789 1921 2868 copia
1953 2788 2136 2854 lactis,

412 2992 679 3062 Caetera
723 2991 1045 3075 duriora3
1088 2991 1589 3064 inelaboratum
1643 3013 1723 3063 ac
1773 2990 2074 3081 rigidum
2112 3009 2391 3083 panem,
2429 2989 2568 3057 for-

414 3114 658 3186 tuitum
685 3115 1020 3208 leporem,
1058 3124 1182 3185 aut
1212 3115 1651 3210 peregrinam
1686 3134 1933 3206 gruem
1961 3136 1977 3195 3
2005 3110 2214 3204 idque
2237 3131 2563 3204 perrar03

412 3246 483 3307 et
506 3239 752 3309 callum
778 3237 1095 3308 fortassis
1122 3237 1270 3332 apri
1296 3236 1705 3309 rancidioris
1730 3233 2069 3307 invenies,
2098 3232 2279 3318 Quid
2306 3234 2570 3305 multa?

412 3380 641 3452 neque
703 3361 1008 3431 locorum
1071 3382 1198 3431 nec
1259 3361 1485 3432 victus
1549 3360 1892 3455 asperitas
1956 3360 2190 3453 ignota
2251 3367 2362 3429 est
2425 3355 2565 3426 tibi.

416 3480 654 3574 Itaque
724 3503 861 3553 non
919 3482 1215 3577 pedibus
1276 3491 1572 3567 tantum,
1638 3482 1794 3567 sed,
1837 3492 1916 3553 ut
1953 3483 2173 3552 facete
2221 3477 2569 3572 plautinus

413 3603 768 3676 Parasitus
819 3605 957 3689 ait,
1022 3605 1345 3678 calceatis
1395 3602 1721 3677 dentibus
1789 3612 1866 3674 ut
1915 3604 2158 3674 venias
2211 3600 2566 3671 admoneo.

419 3729 603 3802 Vale.

700 3876 785 3931 Ad
815 3877 1021 3932 sontem
1051 3877 1286 3947 Sorgioe,
1317 3873 1506 3930 Idibus
1534 3872 1819 3929 Ianuariis.

1420 4100 1575 4112 -u
