3104 4805
585 346 703 408 314
1255 358 1338 408 nr:
1380 360 1583 409 annus
1626 359 2069 409 ruminamus

584 518 821 581 vester
860 510 1079 591 latuit3
1141 509 1253 580 hic
1314 510 1580 601 lepram
1640 508 1965 601 deposuit
2022 505 2556 579 Constantinus:
2624 505 2738 577 hic

582 632 955 727 gloriosam
1007 632 1331 703 Callistus
1380 632 1700 703 exercuit
1758 629 2147 701 Libitinam.
2217 628 2356 700 Sed
2394 650 2535 721 quo
2576 649 2737 722 per-

581 760 721 850 go?
767 756 1149 827 Possumne
1191 753 1313 825 tibi
1355 754 1425 825 in
1466 753 1600 826 hac
1659 773 1875 847 parva
1927 773 2194 848 papyro
2255 752 2543 823 Romam
2610 751 2736 823 de-

581 879 903 970 signare?
939 878 1280 961 Profecto,
1329 877 1387 948 si
1429 875 1711 968 possim,
1750 895 1887 945 non
1923 882 2213 969 oportet.
2248 871 2441 944 Nosti
2475 871 2728 954 omnia,

538 979 714 1072 'non
777 999 941 1092 quia
1001 1020 1331 1072 romanus
1388 998 1594 1084 civiS,
1652 997 1777 1069 sed
1837 998 2003 1090 quia
2062 994 2299 1066 talium
2367 994 2438 1063 in
2490 992 2732 1086 primis

578 1144 811 1194 rerum
851 1121 1373 1194 curiosissimus
1427 1121 1518 1192 ab
1570 1120 2037 1194 adolescentia
2096 1117 2306 1190 fuisti.
2360 1117 2495 1201 Qui
2543 1115 2728 1187 enim

577 1245 786 1318 hodie
845 1245 1070 1337 magis
1134 1245 1357 1337 ignari
1423 1268 1654 1317 rerum
1724 1246 2188 1315 Romanarum
2260 1249 2454 1324 sunt,
2520 1260 2728 1333 quam

574 1368 866 1440 Romani
905 1370 1143 1440 cives‘?
1182 1370 1448 1440 Invitus
1476 1368 1651 1440 dico.
1689 1369 2047 1460 Nusquam
2086 1365 2319 1436 minus
2359 1365 2577 1436 Roma
2615 1384 2733 1434 co—

464 1578 479 1592 .
576 1492 955 1582 gnoscitur,
994 1512 1203 1584 quam
1239 1494 1497 1563 Romae.
1537 1493 1690 1576 Qua
1731 1491 1802 1560 in
1846 1512 1921 1562 re
1961 1511 2098 1560 non
2132 1488 2590 1581 ignorantiam
2618 1507 2732 1557 so-

575 1615 711 1684 lam
752 1613 887 1685 fleo
939 1613 1401 1709 (quamquam,
1438 1613 1604 1708 quid
1647 1614 2032 1706 ignorantia
2072 1613 2275 1707 peius
2321 1609 2536 1703 est?),
2603 1610 2730 1682 sed

573 1736 909 1808 virtutum
949 1740 1185 1831 fugam
1245 1738 1672 1831 exiliumque
1714 1739 2111 1809 multarum.
2171 1735 2344 1820 Quis
2375 1735 2559 1807 enim
2599 1732 2732 1804 du-

573 1857 793 1931 bitare
832 1870 1089 1954 potest,
1140 1861 1308 1955 quin
1355 1861 1532 1933 illico
1588 1872 1988 1932 surrectura
2030 1858 2146 1943 sit,
2212 1859 2270 1929 si
2310 1857 2601 1953 coeperit
2651 1878 2729 1928 se

573 1983 792 2054 Roma
831 1988 1302 2077 cognoscere?
1341 1984 1480 2056 Sed
1522 1983 1675 2055 haec
1708 1983 1996 2055 alterius
2040 1982 2367 2075 temporis
2407 1991 2518 2053 est
2556 2001 2731 2073 que-

574 2108 738 2178 rela.
799 2107 1206 2179 Solebamus
1269 2129 1442 2199 ergo
1481 2117 1641 2202 post
1697 2105 2193 2198 fatigationem,
2263 2126 2472 2197 quam
2525 2101 2727 2174 nobis

573 2228 912 2301 immensa
937 2229 1107 2303 urbs
1133 2229 1389 2303 ambita
1415 2240 1791 2324 pepererat,
1823 2228 2082 2323 saepius
2107 2228 2198 2300 ad
2223 2227 2556 2299 Thermas
2570 2227 2732 2298 Dio-

571 2353 904 2425 cletianas
955 2353 1372 2426 subsistere:
1426 2375 1921 2448 nonnunquam
1971 2373 2141 2425 vero
2184 2373 2394 2445 supra
2436 2344 2728 2423 testudi-

574 2497 732 2546 nem
796 2475 979 2556 illius
1046 2477 1758 2569 magnificentissimae
1800 2478 1961 2548 olim
2004 2477 2257 2549 domus
2315 2475 2723 2556 ascendere;

571 2599 761 2691 quod
793 2608 865 2668 et
896 2620 1018 2671 aer
1059 2601 1412 2685 salutariS,
1473 2611 1544 2674 et
1577 2612 1982 2695 prospectus
2019 2598 2210 2683 liber,
2265 2610 2336 2670 et
2376 2598 2723 2671 silentium

574 2741 656 2791 ac
696 2722 933 2792 votiva
976 2721 1274 2794 solitudo
1316 2745 1660 2816 nusquam
1703 2721 1951 2813 magis.
2006 2719 2106 2791 Ibi
2155 2720 2246 2792 de
2280 2721 2579 2812 negotiis
2620 2719 2726 2787 ni-
2846 2823 2851 2828 ι

574 2842 670 2913 hil
732 2843 1040 2916 omnino:
1098 2845 1268 2916 nihil
1326 2846 1415 2918 de
1467 2868 1542 2917 re
1608 2844 1954 2927 familiari,
2018 2843 2328 2937 nihilque
2367 2844 2456 2915 de
2520 2864 2721 2934 repu-

572 2962 782 3049 blica,
844 2989 1052 3060 quam
1107 2971 1318 3040 semel
1363 2969 1648 3039 flevisse
1691 2967 1860 3039 satis
1912 2977 2053 3038 est:
2105 2978 2175 3039 et
2222 2966 2544 3038 euntibus
2591 2986 2719 3058 per

573 3087 828 3161 moenia
864 3092 1102 3164 fractae
1144 3092 1335 3164 urbis
1377 3101 1448 3163 et
1496 3092 1631 3164 illic
1682 3090 2083 3164 sedentibus
2136 3091 2484 3163 ruinarum
2533 3089 2719 3178 frag-

573 3223 809 3286 menta
847 3215 984 3288 sub
1020 3216 1237 3287 oculis
1289 3224 1507 3287 erant.
1560 3215 1744 3299 Quid
1801 3217 2017 3307 ergo‘?
2055 3216 2313 3286 Multus
2374 3215 2464 3287 de
2502 3212 2722 3284 histo-

570 3337 692 3408 riis
729 3357 961 3410 sermo
998 3348 1176 3424 erat,
1220 3358 1398 3432 quas
1439 3340 1532 3410 ita
1586 3338 1819 3434 partiti
1868 3337 2306 3420 videbamur,
2375 3346 2450 3406 ut
2495 3337 2565 3407 in
2600 3358 2725 3408 no-

570 3461 682 3532 vis
732 3469 837 3546 tu,
892 3461 962 3530 in
1002 3460 1306 3554 antiquis
1345 3483 1479 3554 ego
1528 3460 1807 3533 viderer
1854 3460 2208 3554 expertior
2261 3459 2358 3554 (et
2405 3459 2725 3531 dicantur

571 3584 877 3677 antiquae
916 3604 1375 3678 quaecumque
1409 3593 1571 3656 ante
1604 3584 2028 3657 celebratum
2056 3585 2296 3655 Romae
2327 3592 2400 3652 et
2432 3604 2725 3654 venera-

572 3716 716 3777 tum
759 3707 1086 3780 Romanis
1136 3708 1559 3802 principibus
1611 3709 1865 3781 Christi
1916 3731 2195 3780 nomen:
2247 3730 2454 3780 novae
2487 3719 2721 3780 autem

569 3848 664 3899 ex
702 3828 817 3901 illo
858 3851 1083 3924 usque
1117 3831 1207 3903 ad
1249 3832 1429 3905 hanc
1469 3832 1807 3926 aetatem);
1876 3836 2136 3904 multus
2185 3856 2465 3927 quoque
2506 3833 2595 3905 de
2637 3854 2723 3904 ea

570 3961 768 4045 parte
806 3954 1291 4049 philosophiae,
1338 3977 1500 4048 quae
1550 3977 1782 4028 mores
1819 3956 2121 4041 instruit,
2163 3955 2324 4027 hinc
2364 3966 2565 4028 nacta
2605 3976 2724 4026 co-

572 4092 893 4162 gnomen.
935 4078 1287 4150 Interdum
1346 4100 1517 4151 vero
1557 4078 1644 4150 de
1683 4077 1953 4151 artibus
1993 4093 2062 4150 et
2087 4080 2177 4152 de
2204 4100 2446 4149 earum
2483 4085 2721 4149 aucto-

571 4189 767 4262 ribus
807 4205 1012 4288 atque
1052 4200 1422 4290 principiis.
1468 4201 1706 4293 Itaque
1740 4201 1853 4273 die
1888 4202 2216 4293 quodam,
2254 4202 2419 4274 dum
2458 4201 2528 4271 in
2561 4221 2714 4271 eam
