3104 4805
705 324 822 386 428
1383 333 1466 380 ΒΕ
1508 332 1710 381 nanus
1753 332 2195 381 minuamssus

706 484 969 563 bertas,
1018 479 1512 571 aliquantoque
1554 479 1758 550 citius
1798 502 2010 572 quam
2053 480 2451 571 optavimus
2494 483 2714 551 nostri
2760 503 2887 553 su-

708 626 886 675 mus.
929 604 1017 672 Et
1057 600 1328 672 animos
1363 601 1644 693 quidem
1688 622 1899 671 nosse
1943 600 2252 671 omnium
2293 600 2560 672 videor.
2605 601 2709 673 An
2754 607 2888 675 sal-

709 729 853 798 lor‘?
890 722 1389 816 lmpedimeuta
1429 745 1659 794 rerum
1697 724 1839 793 fors
1874 722 2108 793 omnia
2144 744 2282 793 non
2310 725 2501 808 novi,
2539 726 2671 795 etsi
2707 728 2883 797 mihi

702 849 872 919 nihil
923 848 993 917 in
1059 846 1261 918 vobis
1329 847 1673 916 occultum
1742 867 1917 916 rear.
1988 844 2136 914 Non
2210 866 2455 917 sumus
2524 847 2880 942 principes

704 971 917 1043 maris
957 982 1027 1041 et
1069 977 1303 1052 terrae,
1355 978 1429 1038 ut
1462 967 1880 1038 Aristoteles
1929 966 2054 1049 ait;
2099 988 2226 1037 nec
2270 978 2542 1061 oportet
2575 968 2665 1040 ad
2705 968 2883 1040 bea-

705 1103 841 1163 tam
887 1091 1122 1161 vitam.
1166 1089 1520 1159 Habemus
1562 1097 1799 1159 autem
1851 1087 2039 1179 quod
2093 1088 2413 1158 sufficere
2459 1090 2682 1182 possit
2720 1092 2881 1161 ani-

704 1213 836 1283 mis
880 1211 1246 1294 modestis,
1288 1232 1502 1303 seque
1537 1209 2109 1303 componentibus
2156 1210 2246 1281 ad
2280 1219 2614 1281 naturam.
2660 1213 2881 1296 Quod

705 1335 766 1405 si
832 1332 1125 1425 singulis
1172 1343 1279 1403 sat
1319 1341 1456 1415 est,
1503 1332 1672 1424 quid
1714 1331 2039 1401 omnibus
2094 1342 2509 1403 eventurum
2551 1333 2879 1428 suspice-

703 1480 886 1539 mur,
920 1454 1041 1526 ubi
1078 1455 1385 1525 vicissim
1413 1456 1586 1525 alter
1621 1453 1821 1524 alteri
1856 1476 2138 1524 manum
2167 1453 2387 1538 dabit,
2425 1464 2495 1525 et
2526 1455 2874 1547 quidquid

702 1578 1133 1649 necessitatis
1177 1576 1492 1646 inciderit
1531 1579 1798 1647 alterna
1831 1596 1963 1668 ope
2009 1576 2494 1669 supplebitur?
2533 1576 2872 1649 Abunda-

701 1700 963 1783 bimus,
1004 1698 1168 1768 mihi
1204 1698 1449 1780 erede3
1481 1698 1847 1791 magisque
1872 1699 2108 1767 forsan
2137 1696 2399 1769 invidia
2429 1699 2629 1769 nobis
2654 1722 2866 1791 quam

702 1822 929 1916 inopia
977 1820 1348 1892 metuenda
1397 1829 1527 1890 est.
1582 1819 1763 1903 Quid
1830 1820 2042 1911 igitur
2103 1823 2619 1915 expectamus‘.>
2683 1820 2867 1904 Quid

702 1944 876 2014 mari
915 1953 985 2014 et
1022 1941 1373 2013 montibus
1415 1941 1963 2034 fluminibusque
2003 1941 2506 2013 distrahimur?
2548 1942 2687 2013 Cur
2724 1965 2867 2013 non

701 2068 975 2139 tandem
1019 2067 1271 2138 domus
1317 2088 1450 2137 una
1499 2064 1856 2156 coniungit
1906 2086 2084 2158 quos
2137 2064 2297 2135 olim
2351 2063 2580 2134 iunxit
2630 2065 2866 2135 unitas

700 2190 1187 2259 voluntatum?
1226 2187 1371 2257 Nisi
1415 2187 1580 2279 quia
1618 2207 1802 2257 nova
1843 2185 2180 2279 quaelibet
2229 2194 2300 2255 et
2352 2184 2627 2258 insueta
2680 2187 2867 2256 refu-

701 2312 957 2400 gimuS,
1006 2313 1356 2402 multaque
1395 2308 1762 2402 pollicitam
1817 2331 2015 2402 spem
2049 2307 2423 2392 dimittere,
2461 2316 2866 2379 vocantem-

698 2453 837 2521 que
869 2454 998 2502 nos
1034 2433 1240 2503 altius
1282 2434 1628 2502 fortunam
1663 2453 1800 2501 non
1837 2430 2109 2515 audire,
2155 2435 2439 2502 stultum
2475 2430 2859 2511 credimus;

697 2575 853 2621 cum
895 2555 1111 2624 multo
1155 2553 1247 2622 sit
1274 2553 1582 2636 stultiuS,
1614 2554 2028 2647 contemptis
2071 2553 2286 2624 rebus
2328 2555 2537 2625 certis
2582 2576 2665 2624 ac
2701 2555 2863 2624 soli-

698 2674 836 2757 dis,
879 2674 945 2743 in
985 2674 1248 2744 umbris
1285 2673 1610 2743 inanibus
1656 2695 1849 2765 spem
1888 2675 2167 2746 habere.
2211 2678 2362 2767 Ego
2403 2676 2687 2768 quidem
2719 2697 2857 2746 non

695 2796 1138 2867 conscientiae
1180 2817 1359 2866 meae
1404 2797 1657 2880 solum,
1705 2796 1831 2867 sed
1884 2798 2256 2889 praesentis
2306 2798 2617 2893 epistolae
2668 2798 2860 2869 testi-

697 2917 951 3000 monio,
1012 2917 1079 2987 in
1131 2940 1260 2989 vos
1312 2919 1584 3012 culpam
1641 2941 1915 2989 omnem
1969 2930 2366 3012 retorqueo,
2436 2922 2857 3013 quicumque

694 3020 963 3110 fueritis
998 3040 1087 3111 ad
1126 3039 1404 3110 salubre
1445 3038 1812 3111 consilium
1859 3042 2221 3113 tardiores.
2260 3042 2438 3127 Quin
2478 3041 2638 3127 huc,
2671 3044 2858 3112 solu-

695 3161 782 3231 tis
837 3183 962 3234 seu
999 3162 1358 3255 praesectis
1393 3163 1921 3256 occupationum
1967 3163 2262 3256 laqueiS,
2306 3166 2674 3236 festinate?
2721 3165 2857 3233 Ne-

693 3306 830 3375 que
872 3284 1045 3353 mihi
1097 3284 1302 3355 detur
1341 3284 1790 3375 arrogantiae,
1844 3287 2035 3379 quod
2087 3288 2365 3359 trahere
2421 3287 2666 3358 videar
2716 3307 2856 3355 non

696 3405 936 3498 sequi;
979 3405 1070 3476 ad
1114 3405 1517 3477 utrumlibet
1556 3428 1651 3477 ex
1693 3429 1897 3500 aequo
1937 3418 2222 3501 paratus
2273 3420 2382 3481 est
2431 3410 2730 3481 animus.
2784 3408 2858 3477 Si

695 3527 853 3620 quis
927 3549 1223 3620 usquam
1286 3527 1456 3598 vitae
1520 3538 1782 3599 nostrae
1848 3532 2042 3601 locus
2114 3542 2224 3602 est
2289 3511 2533 3626 aptior,
2604 3533 2860 3624 raptim

694 3650 949 3732 ader03
1002 3671 1139 3720 non
1203 3673 1356 3721 sum
1411 3650 1593 3720 enim
1647 3651 1767 3744 qui
1820 3650 2021 3724 fidele
2086 3652 2453 3725 consilium
2522 3676 2861 3748 spernere

694 3774 975 3844 soleam.
1019 3773 1198 3843 Nulli
1243 3773 1449 3844 credo
1489 3773 1884 3845 mortalium
1927 3775 2146 3846 maior
2185 3788 2296 3847 est
2345 3780 2460 3847 vel
2510 3775 2687 3848 fides
2740 3780 2864 3846 vel

693 3897 1068 3970 auctoritas
1129 3897 1529 3967 amicorum.
1587 3896 1706 3965 Sin
1770 3895 1881 3966 hic
1932 3906 2171 3968 vestro
2221 3899 2473 3970 iudicio
2522 3900 2870 3991 praelatus
2927 3988 2936 3993 ‚

692 4025 802 4083 est
839 4017 1051 4109 (quod
1094 4027 1355 4090 vestrae
1395 4019 1699 4088 fatentur
1737 4018 2035 4112 litterae),
2066 4020 2234 4113 quid
2260 4042 2391 4093 vos
2427 4043 2612 4091 nunc
2644 4018 2870 4089 etiam

697 4142 939 4204 tenet‘?
978 4140 1199 4210 Nolite
1239 4139 1594 4232 cupiditati
1637 4161 1875 4212 aurem
1920 4143 2131 4225 dare3
2185 4166 2537 4237 nunquam
2580 4140 2872 4219 dictura
