3104 4805
943 413 1128 460 Lmnn
1169 412 1413 461 ramus
1437 411 1844 461 —El’ls‘rOLA
1886 414 1945 461 11.
2437 401 2513 461 39

367 558 804 641 AristoteleS‚
875 556 964 627 ad
1027 578 1267 627 omnes
1336 557 1576 628 traho:
1639 580 2058 650 quamquam
2111 558 2171 628 si
2221 569 2516 649 uterque

366 684 634 754 fructus
677 692 1113 773 sequeretur,
1170 680 1688 752 fortunatiorem
1740 703 1974 752 meum
2024 679 2327 752 laborem
2378 706 2515 753 non

369 827 724 897 negarem.
768 803 918 874 Tibi
959 815 1214 888 autem,
1260 812 1483 896 pater,
1539 804 1798 895 gratias
1851 827 2012 896 ago,
2067 804 2186 898 qni
2236 828 2347 875 me
2397 828 2518 897 pa-

374 942 572 1001 terne
612 949 879 1013 moneS,
924 938 996 998 et
1032 950 1154 998 oro
1195 938 1271 999 ut
1310 928 1495 998 idem
1538 948 1733 1018 saepe
1772 926 2005 998 facias.
2060 928 2199 998 Sed
2252 928 2350 998 sic
2390 929 2512 999 ha·-

372 1053 563 1135 het0,
606 1073 718 1122 me
756 1052 892 1122 iam
927 1052 1087 1121 hinc
1126 1051 1424 1143 coepisse
1463 1072 1887 1142 cognoscere
1922 1073 2207 1121 cursum
2249 1074 2511 1136 meum,

375 1188 446 1247 et
494 1175 797 1270 pericula
843 1195 1238 1262 numerare,
1281 1185 1353 1244 et
1390 1175 1642 1244 multos
1695 1196 1904 1244 nosse
1956 1173 2344 1266 decrepitos
2405 1197 2517 1244 me

378 1298 580 1369 altius
622 1297 812 1368 humi
857 1296 1036 1368 fixos
1086 1319 1166 1367 ac
1205 1295 1515 1367 tenacius
1568 1296 2012 1367 inhaerentes.
2068 1297 2358 1366 Multum
2411 1321 2520 1369 me

378 1422 595 1512 tangit
632 1422 799 1492 illud
836 1420 1199 1493 Domitiani
1242 1418 1568 1513 principis
1610 1419 1744 1490 iam
1790 1420 2260 1491 senescentis:
2303 1421 2516 1506 Nihil,

379 1544 620 1637 inquit,
655 1547 908 1637 matius
947 1543 1197 1629 decore,
1232 1547 1334 1615 nil
1373 1545 1652 1614 brevius.
1695 1545 1784 1614 Et
1814 1543 1982 1615 illud
2018 1545 2295 1616 Catonis
2330 1547 2519 1617 senis

377 1670 562 1761 apud
613 1668 941 1767 Tullium:
1003 1667 1166 1756 Quis
1205 1679 1298 1737 est
1351 1680 1483 1738 tam
1532 1670 1798 1751 stultuS,
1842 1670 2144 1759 quamvis
2181 1671 2263 1738 sil
2303 1668 2522 1739 adole-

375 1813 588 1874 scens,
628 1797 736 1862 cui
769 1794 855 1862 sit
895 1793 1314 1884 conploratam
1353 1790 1442 1860 ad
1473 1813 1819 1884 vesperum
1859 1766 1991 1860 ωἐε
2032 1794 2404 1862 victurum?
2436 1794 2524 1863 Et

378 1914 548 1984 illud
597 1914 858 2006 Virgilii
912 1927 1070 1986 tnnc
1115 1913 1389 1984 iuvenis
1440 1913 1833 1984 iuveniliter
1879 1913 2166 1999 dictum,
2223 1915 2348 1985 sed
2398 1937 2524 1984 ve-

380 2058 485 2118 re,
530 2036 657 2106 sed
695 2037 1023 2127 graviter,
1072 2038 1199 2109 sed
1238 2049 1538 2108 mature:

618 2220 836 2300 Collige
874 2238 1020 2284 vere
1054 2238 1251 2299 rosaS,
1288 2188 1576 2286 dunsilos
1612 2239 1833 2299 novus,
1869 2229 1927 2283 et
1961 2238 2117 2283 nova
2152 2220 2347 2300 pubes
2358 2245 2376 2298 ;

738 2319 809 2379 Et
849 2334 1088 2381 memor
1121 2325 1251 2382 esto
1286 2338 1492 2383 aevum
1528 2319 1614 2384 sic
1646 2334 1976 2399 properare
2011 2325 2209 2381 tuum.

376 2498 532 2585 Ego
565 2517 734 2567 vero
774 2518 1035 2569 memor
1069 2521 1251 2584 sum,
1307 2510 1378 2570 et
1425 2498 1748 2591 quamvis
1785 2498 2092 2569 nondum
2127 2500 2328 2591 plene
2362 2521 2526 2591 pos-

377 2619 541 2703 sim,
586 2619 810 2711 cogito
841 2632 1068 2693 tamen
1119 2633 1195 2692 ut
1233 2644 1542 2714 possum,
1588 2632 1659 2693 et
1691 2622 1759 2692 in
1800 2622 1952 2692 dies
1993 2633 2071 2693 ut
2116 2622 2524 2714 profundius

375 2741 640 2834 possim
682 2742 881 2814 nitor.
937 2741 1176 2834 Cogito
1226 2767 1363 2816 non
1415 2744 1603 2837 quod
1652 2743 1802 2816 aliis
1845 2744 2123 2830 videor,
2172 2745 2299 2815 sed
2339 2745 2526 2837 quod

379 2888 559 2951 sum,
605 2877 675 2937 et
713 2877 992 2937 aetatem
1034 2868 1212 2939 hanc
1237 2924 1252 2952 ,
1308 2849 1996 2961 etqualemcumque
2049 2868 2336 2937 sormam
2372 2889 2526 2935 cor-

375 2990 562 3081 poris
590 3047 605 3076 ,
649 3002 721 3062 et
759 2992 1023 3084 reliqua
1067 2991 1276 3087 (unde
1316 2992 1484 3062 mihi
1518 2995 1751 3063 forsan
1803 2991 1892 3061 ab
1942 2989 2094 3061 aliis
2148 2985 2521 3081 invidetur)

379 3114 599 3185 sentio
637 3115 796 3186 data
838 3113 1006 3185 mihi
1042 3115 1131 3186 ad
1163 3115 1541 3210 periculum
1570 3172 1585 3200 ,
1639 3115 1731 3186 ad
1780 3110 2232 3196 exercitium,
2287 3109 2375 3181 ad
2425 3112 2526 3181 la-

377 3235 637 3307 borem.
673 3237 986 3332 Denique
1024 3238 1125 3333 (ut
1159 3240 1465 3311 breviter
1498 3237 1930 3331 concludam)
1965 3237 2106 3309 scio
2134 3258 2245 3307 me
2279 3257 2527 3310 ascen-

376 3358 554 3428 dere
600 3371 680 3430 ut
715 3360 1169 3449 descendam,
1227 3362 1457 3434 virere
1505 3374 1584 3434 ut
1633 3385 1981 3445 arescam,
2040 3370 2114 3432 ut
2164 3380 2524 3432 senescam

378 3479 777 3552 adolescere
804 3541 819 3569 ,
863 3486 1107 3556 vivere
1144 3497 1220 3556 ut
1256 3486 1529 3558 moriar.
1575 3486 1766 3558 Vale.

664 3619 944 3678 Avinione.
981 3623 1240 3679 Kalendis
1266 3623 1411 3678 Maii.
