3104 4805
1045 396 1576 447 PROLEGOMENON.

373 548 649 604 Maximus
690 549 954 603 beneficia
1001 550 1071 603 ab
1117 566 1184 604 eo
1229 565 1482 620 possessa
1518 556 1574 604 et
1601 565 1781 621 nuper
1810 550 2072 604 collatum

374 633 760 686 canonicatum
783 631 1191 703 Carpentoracti
1210 674 1225 702 ,
1246 633 1330 687 uti
1350 633 1597 687 vacantia
1612 674 1627 702 ,
1658 633 1779 688 aliis
1803 633 2065 688 conferat.

301 713 691 769 Molestissima
718 714 898 769 scabie
929 715 1158 771 laborat.

300 799 527 853 Homeri
558 798 731 853 libros
756 800 1008 871 impensa
1035 816 1136 854 sua
1163 799 1330 854 latine
1358 798 1603 854 redditos
1644 800 1703 854 in
1740 799 2068 855 bibliotheca

374 884 611 954 reponit.

298 967 565 1022 AEstatem
594 972 650 1021 et
678 971 1011 1022 autumnum
1040 968 1214 1022 Ticini
1242 967 1369 1037 agit.

92 1136 245 1192 1366.
292 1135 392 1190 Die
416 1135 490 1189 24
516 1134 777 1190 Ianuarii.
808 1135 1065 1190 Venetias
1091 1136 1251 1189 redit.

298 1221 377 1275 Ex
403 1219 694 1275 Francisca
717 1221 831 1274 filia
857 1220 1213 1275 Franciscum
1232 1226 1511 1292 nepotem,
1532 1236 1725 1276 mense
1740 1221 2062 1292 Februario,

369 1304 615 1376 suscipit.

296 1389 459 1443 Mittit
481 1388 551 1442 ad
579 1388 897 1460 Philippum
925 1389 1005 1443 De
1034 1385 1388 1457 Cabassoles',
1419 1388 1796 1443 patriarcham
1811 1389 2064 1445 Hieroso·

365 1473 714 1542 lymitanum,
747 1473 953 1527 librum
972 1502 1044 1513 —
1061 1473 1141 1527 De
1167 1473 1291 1528 Vita
1318 1473 1590 1528 Solitaria.

289 1556 538 1611 Absolvit
562 1563 858 1612 tractatum
877 1587 949 1598 —
967 1556 1047 1611 De
1075 1557 1334 1612 remediis
1362 1558 1657 1628 utriusque
1693 1556 1947 1613 sortunae.

294 1641 542 1704 Quatuor
567 1641 893 1695 insanorum
921 1641 1184 1696 iuvenum
1214 1641 1507 1709 sententia,
1539 1642 1784 1696 Venetiis
1813 1642 2056 1714 prolata,

361 1722 686 1778 Franciscus
696 1725 954 1780 Petrarca
965 1726 1050 1779 vir
1062 1725 1262 1795 bonus,
1278 1726 1375 1780 sed
1390 1726 1665 1794 indoctus,
1681 1727 2055 1781 renunciatur.

290 1807 605 1879 Stephanus
634 1808 904 1865 Columna
931 1826 1062 1865 eum
1093 1826 1223 1864 rure
1249 1825 1422 1881 prope
1450 1808 1825 1864 Mediolanum
1852 1808 2054 1863 invisit.

75 1976 232 2031 1³67.
282 1976 620 2032 Adolescens
664 1978 975 2046 RavennaS,
1004 1978 1074 2031 ab
1112 1994 1178 2032 eo
1205 1983 1486 2049 exceptuS,
1527 1978 1689 2048 eique
1717 1975 2058 2044 carissimus,

360 2061 526 2115 domo
552 2061 673 2116 eius
701 2061 931 2116 excedit.

285 2142 367 2198 De
381 2160 557 2213 more,
571 2144 844 2214 Ticinum,
868 2146 1054 2200 aestivo
1073 2151 1342 2217 tempore,
1363 2145 1651 2200 Patavium
1671 2161 1774 2217 per
1791 2144 2058 2199 ieiunium

38 2279 41 2296 ,
358 2229 861 2300 quadragenarium
891 2235 946 2286 et
972 2231 1255 2285 Paschatis
1302 2230 1421 2285 dies
1438 2230 1638 2298 festos,
1677 2230 1965 2286 inhabitat.
1988 2259 2060 2270 —

36 2303 41 2407 1
357 2314 557 2386 Incipit
575 2314 784 2368 librum
803 2314 963 2368 —De
986 2316 1073 2369 sui
1093 2315 1269 2386 ipsius
1289 2319 1345 2368 et
1378 2315 1688 2369 multorum
1725 2312 2053 2384 ignorantia.

41 2019 45 2102 ἒ

74 2482 224 2538 1368.
276 2483 329 2536 Α
357 2482 604 2537 Galeatio
629 2483 961 2539 vicecomite
988 2482 1239 2538 Ticinum
1269 2482 1585 2552 advocatur,
1615 2489 1679 2537 ut
1704 2482 1773 2537 de
1800 2499 1955 2555 pace,
1987 2484 2057 2537 ab

24 2546 34 2677 f
353 2582 422 2620 eo
452 2583 578 2620 cum
607 2566 848 2621 Ecclesia
886 2565 1306 2633 ineunda,cum
1347 2566 1581 2636 Anglico
1621 2565 1900 2620 Cardinali
1936 2583 2056 2621 rem

353 2648 584 2717 babeat3
616 2650 839 2704 Patavio
868 2650 955 2704 die
983 2650 1054 2704 25
1080 2650 1206 2704 Maii
1244 2650 1551 2720 profectus,
1591 2651 1845 2705 Ticinum
1872 2651 1960 2705 die
1987 2651 2059 2706 29

17 2682 29 2811 J
352 2731 620 2802 pervenit.
640 2731 778 2787 Dein
798 2732 1170 2787 Mediolanum
1191 2733 1346 2803 petit,
1367 2732 1463 2786 ubi
1483 2733 1540 2787 in
1562 2732 1772 2804 nuptiis
1789 2732 2057 2787 Violantis

17 2816 21 2823 ’
355 2815 583 2870 Galeatii
610 2817 737 2870 filiae
765 2833 893 2871 cum
919 2815 1166 2871 Lionello
1185 2816 1325 2870 duce
1354 2814 1644 2870 Clarentiae
1663 2856 1678 2883 ,
1707 2815 1778 2869 ad
1806 2831 2055 2871 mensam

357 2915 486 2954 cum
514 2900 856 2972 principibus
884 2900 1016 2955 viris
1046 2900 1270 2955 assidet.

14 3054 19 3091 l
281 2982 383 3038 Die
411 2983 483 3038 18
509 2984 672 3039 Iunii.
705 2983 1030 3039 Franciscus
1058 2984 1269 3052 infans,
1304 2983 1577 3038 Petrarcae
1607 2998 1674 3037 ex
1707 2981 1821 3036 fllia
1852 2996 2055 3054 nepos,

14 3104 15 3115 ,
352 3065 468 3120 obit
493 3067 688 3121 Ticini.

14 3136 15 3151 ¹
275 3149 468 3204 Mense
496 3149 653 3205 Iulio.
686 3149 913 3221 Navigio
939 3167 1041 3222 per
1067 3149 1279 3205 Padum
1306 3154 1494 3204 vectus
1509 3189 1523 3217 ,
1554 3148 1743 3203 Ticino
1768 3146 2055 3201 Patavium

351 3238 638 3305 repetens,
669 3249 768 3305 per
792 3239 1034 3288 amatos
1064 3234 1254 3288 hostes
1278 3249 1468 3304 sospes
1497 3231 1900 3303 incolumisque
1936 3246 2058 3303 per·

354 3319 570 3372 transit.

42 3572 208 3629 1369.
264 3571 401 3627 Iura
462 3572 689 3627 Thomae
738 3572 818 3627 De
870 3572 1213 3644 Fax-ignauo,
1236 3572 1451 3626 Summi
1510 3570 1757 3641 Magistri
1813 3568 2053 3623 fratrum

340 3657 749 3711 franciscalium
773 3698 788 3726 ,
818 3656 965 3729 apud
993 3656 1317 3712 Pontificem
1346 3654 1646 3708 Maximum
1677 3657 1882 3705 tuetur.

269 3740 599 3795 Rusticatur
626 3740 902 3812 Arquadae
930 3740 1079 3812 apud
1107 3739 1335 3795 Sodales
1364 3735 1820 3808 Augustinianos.

2394 397 2537 445 anl

2156 733 2237 769 son.
2256 733 2322 781 ln,
2340 735 2375 770 s.

2157 810 2245 845 uot-
2261 809 2299 856 2,
2316 812 2440 848 xvm.

2153 1231 2242 1266 Not·
2261 1229 2319 1278 rt,
2339 1231 2415 1268 vn.

2150 1400 2239 1435 Nota
2259 1399 2342 1436 Ver.
2363 1400 2417 1435 u.

2148 1983 2236 2019 Nou
2256 1985 2313 2029 19,
2331 1986 2453 2023 xxm.

2145 2325 2225 2360 su.
2245 2324 2317 2372 xv,
2336 2326 2369 2362 s.

2145 2495 2243 2533 moia
2257 2496 2314 2543 ιε,
2332 2497 2389 2543 ¹¹1,
2403 2496 2479 2534 vn.

2145 2990 2321 3081 mxl,
2351 2991 2428 3029 m.
2459 2993 2538 3030 sm.

2141 3158 2220 3195 sn.
2244 3158 2304 3206 xi,
2320 3159 2356 3196 a.

2140 3577 2218 3613 Son.
2241 3578 2301 3621 ΧΙ,
2321 3577 2376 3622 ἱθ,
2398 3578 2452 3615 15.

2137 3743 2218 3778 son.
2239 3743 2300 3789 xi,
2320 3744 2376 3779 u.

39 3903 206 3961 1370.
263 3904 507 3959 Romam
542 3904 890 3977 profecturus
915 3947 929 3971 ‚
987 3908 1379 3959 testamentum
1437 3916 1603 3956 suum
1646 3896 1833 3953 condit
1881 3895 1970 3951 die
2013 3894 2051 3949 4
2132 3907 2212 3945 aa.
2235 3910 2443 3957 naon-1.

349 3987 578 4060 Aprilis.

270 4069 377 4123 Vix
417 4071 526 4125 iter
569 4087 864 4142 aggressus
887 4112 902 4137 ,
933 4070 1200 4126 Ferrariae
1225 4071 1284 4125 in
1315 4068 1574 4125 morbum
1619 4064 1832 4133 incidit,
1877 4070 1933 4120 et
1976 4063 2046 4120 de
2132 4078 2211 4113 se·-
2232 4078 2293 4125 xl,
2315 4080 2445 4127 oon-1.

346 4161 523 4210 morte
549 4156 672 4210 eius
698 4157 958 4226 vulgatur
984 4155 1148 4209 fama.

275 4236 597 4307 Arquadam
627 4255 887 4308 mansum
914 4238 1080 4292 venit.

2088 4214 2094 4291 ί
2129 4249 2204 4283 sen.
2231 4248 2289 4293 xi,
2310 4248 2366 4293 ιο,
2387 4250 2443 4284 ιτ.
