3104 4805
541 376 656 437 106
1215 386 1296 433 DE
1337 384 1539 433 annus
1585 382 2028 432 muniamus

537 528 808 617 asserit,
867 553 1001 623 ego
1059 541 1289 602 autem
1335 528 1713 612 adversor,
1768 550 1891 598 nec
1936 536 2163 598 tamen
2206 527 2383 613 iden,
2430 528 2491 599 si
2534 531 2704 623 quid

541 677 762 749 usque
812 663 1114 725 vetustae
1165 651 1414 724 indolis
1466 651 1828 734 remansit,
1883 651 2038 737 viro
2088 650 2303 742 digna
2355 652 2703 745 querimo-

540 777 654 849 nia
680 834 695 862 ,
739 776 1044 849 oblatum
1087 774 1220 846 sibi
1263 783 1510 868 sponte
1548 772 1996 866 deplorantis,
2042 774 2234 868 quod
2287 776 2440 847 aliis
2481 775 2702 848 ambi-

541 911 671 973 tur.
712 901 941 972 Locus
971 900 1100 986 hic,
1130 922 1338 994 quem
1367 897 1489 970 tibi
1514 898 1968 990 magistratus
2002 897 2380 984 ordinavit,
2417 900 2704 993 provin-

536 1023 641 1094 cia
691 1033 808 1094 tua
856 1031 987 1093 est.
1041 1021 1193 1093 Non
1243 1031 1539 1114 possunt
1587 1041 1827 1092 omnes
1877 1042 2037 1091 cum
2077 1019 2338 1111 ingenti
2386 1024 2698 1095 exercitu

538 1147 608 1218 in
630 1143 933 1235 Africam
975 1145 1294 1229 transire,
1331 1144 1778 1237 detractoque
1800 1166 1896 1216 ex
1929 1143 2124 1216 Italia
2158 1144 2568 1231 Hannibale,
2596 1146 2700 1217 in-

538 1267 782 1338 festam
823 1286 1225 1359 oppugnare
1274 1264 1786 1357 Carthaginem.
1837 1264 1989 1335 Non
2030 1274 2347 1357 possunt,
2393 1265 2565 1336 alias
2604 1287 2698 1337 ex

539 1388 690 1461 aliis
731 1387 1179 1482 propagando
1217 1387 1567 1474 victoriaS,
1612 1409 1798 1459 nunc
1838 1386 2251 1460 rebellantes
2292 1386 2691 1480 HispaniaS,

542 1533 727 1582 nunc
775 1509 1067 1582 obsessa
1114 1509 1565 1604 praedonibus
1618 1510 1864 1595 maria,
1919 1532 2103 1581 nunc
2167 1506 2564 1581 Armeniam
2613 1529 2696 1579 ac

542 1631 880 1718 Iudaeam,
924 1644 996 1705 et
1033 1632 1243 1705 totius
1285 1631 1587 1704 Orientis
1623 1653 1839 1724 regna
1873 1642 2255 1726 penetrare.
2290 1633 2442 1704 Non
2475 1632 2695 1704 omni-

542 1753 675 1825 bus
717 1755 957 1827 datum
996 1766 1132 1841 est,
1188 1764 1310 1828 aut
1355 1754 1593 1827 fractis
1642 1754 1989 1827 Numidiae
2039 1755 2310 1827 viribus
2359 1764 2432 1825 et
2480 1754 2699 1826 conti-

508 1878 771 1950 nuatis
831 1878 1138 1973 imperiis
1187 1901 1229 1950 a
1277 1877 1566 1950 meridie
1606 1878 1678 1948 in
1717 1876 2003 1950 boream
2048 1899 2242 1950 arma
2292 1882 2695 1964 transferre,

542 2000 1098 2094 brevissimoque
1152 2009 1462 2094 tempore
1511 2000 1801 2072 tinctum
1857 1999 2118 2097 Libyco
2177 2001 2516 2093 sanguine
2557 2004 2704 2094 gla-

541 2122 734 2195 dium
778 2122 1166 2196 Teutonicis
1203 2144 1286 2194 ac
1327 2122 1690 2194 Cimbricis
1733 2145 2042 2195 mersare
2092 2124 2496 2207 cruoribus;
2550 2134 2695 2209 aut,

537 2246 749 2318 Gallis
774 2247 928 2353 ‘late
968 2243 1423 2337 praedomitis‚
1467 2254 1538 2315 et
1572 2246 1857 2338 regibus
1899 2247 1989 2319 ad
2024 2248 2399 2320 violentam
2431 2249 2703 2319 confes-

543 2369 808 2441 sionem
878 2369 1211 2439 Romanae
1275 2366 1556 2441 virtutis
1615 2368 1967 2457 adductis,
2017 2370 2180 2444 hinc
2218 2371 2466 2457 Rheni,
2522 2370 2703 2443 illinc

541 2490 794 2561 Oceani
832 2491 1142 2562 claustra
1182 2514 1669 2586 perrumpere,
1712 2505 1783 2567 et
1820 2494 2258 2566 Germaniam
2300 2505 2509 2589 atque
2548 2495 2700 2565 Bri-

543 2610 843 2684 tanniam
875 2634 1014 2685 uno
1039 2614 1301 2707 impetu
1321 2619 1622 2700 calcare3
1648 2640 1778 2690 nec
1802 2617 2126 2689 omnibus
2152 2618 2513 2709 contingit,
2545 2629 2703 2689 ante

543 2758 824 2808 currum
869 2758 1075 2828 reges
1118 2739 1429 2832 captivos
1480 2760 1711 2832 agere.
1765 2739 1932 2809 Haec
1980 2738 2165 2809 enim
2217 2738 2652 2831 Scipionibus
2681 2797 2696 2825 ,

541 2859 905 2954 Pompeiis,
938 2862 1197 2943 Mariis,
1227 2862 1627 2934 Caesaribus
1667 2857 2098 2950 AEmiliisque
2125 2869 2485 2929 reservata
2513 2867 2697 2928 sunt.

540 2983 662 3055 His
697 2993 770 3054 et
804 2960 1153 3056 similibus·
1183 2986 1355 3057 viris
1388 2978 1796 3055 absentibus
1830 2989 2184 3049 certamen
2215 2977 2347 3049 fuit
2378 3001 2536 3049 cum
2572 2979 2700 3049 ho-

425 3097 431 3110 ’
542 3117 646 3178 ste
673 3108 1079 3203 longinqu03
1108 3107 1232 3179 tihi
1262 3128 1422 3179 cum
1461 3102 1672 3176 exilio
1699 3120 1933 3193 pugna
1963 3108 2100 3170 est:
2135 3099 2335 3171 cuius
2362 3100 2698 3194 impetum

541 3252 678 3301 non
742 3233 924 3302 feres
991 3230 1222 3312 mod0,
1294 3223 1422 3298 sed
1471 3224 1769 3317 repelles
1819 3232 1892 3293 et
1938 3233 2289 3308 contereS,
2347 3223 2407 3295 si
2455 3224 2698 3315 cupias

538 3353 1029 3448 quodcumque
1062 3369 1353 3424 necesse
1386 3357 1526 3433 est,
1568 3346 1628 3418 si
1655 3346 1884 3419 animo
1910 3358 2030 3420 tuo
2056 3350 2516 3441 persuaseris,
2547 3349 2703 3419 uni-

539 3499 698 3548 cum
739 3478 1085 3550 adversus
1127 3492 1379 3565 aspera
1417 3472 1739 3568 clypeum
1780 3493 1945 3544 esse
1985 3471 2362 3566 patientiae,
2409 3483 2479 3544 et
2519 3472 2702 3543 illam

541 3597 1064 3672 saluberrimam
1094 3595 1447 3668 Cleanthis
1476 3617 1746 3683 vocem,
1766 3595 1835 3668 in
1858 3597 2146 3669 latinum
2173 3596 2264 3668 ab
2282 3594 2553 3668 Annaeo
2582 3596 2706 3665 Se-

540 3747 711 3798 neca
752 3723 1184 3807 translatam,
1215 3720 1287 3792 in
1314 3733 1509 3793 tuum
1536 3732 1779 3815 pectus
1825 3722 1965 3794 alte
1994 3720 2396 3796 demiseris:
2437 3719 2704 3790 Ducunt

540 3851 866 3919 volentem
894 3849 1067 3939 sata,
1106 3847 1436 3919 nolentem
1479 3846 1768 3918 trahunt.
1811 3845 2003 3918 Vale.
