<?xml version="1.0" encoding="UTF-8"?>
<!DOCTYPE html PUBLIC "-//W3C//DTD XHTML 1.0 Transitional//EN"
    "http://www.w3.org/TR/xhtml1/DTD/xhtml1-transitional.dtd">
<html xmlns="http://www.w3.org/1999/xhtml" xml:lang="en" lang="en">
 <head>
  <title>
</title>
<meta http-equiv="Content-Type" content="text/html;charset=utf-8" />
  <meta name='ocr-system' content='tesseract 3.04.00' />
  <meta name='ocr-capabilities' content='ocr_page ocr_carea ocr_par ocr_line ocrx_word'/>
</head>
<body>
  <div class='ocr_page' id='page_1' title='image "./epistolaederebu00unkngoog_0582.png"; bbox 0 0 3104 4805; ppageno 0'>
   <div class='ocr_carea' id='block_1_1' title="bbox 421 358 2032 417">
    <p class='ocr_par' dir='ltr' id='par_1_1' title="bbox 421 358 2032 417">
     <span class='ocr_line' id='line_1_1' title="bbox 421 358 2032 417; baseline -0.002 0"><span class='ocrx_word' id='word_1_1' title='bbox 421 385 427 400; x_wconf 90' lang='lat'><em>·</em></span> <span class='ocrx_word' id='word_1_2' title='bbox 554 358 669 417; x_wconf 65' lang='lat'>414</span> <span class='ocrx_word' id='word_1_3' title='bbox 1222 369 1304 414; x_wconf 80' lang='lat' dir='ltr'>m:</span> <span class='ocrx_word' id='word_1_4' title='bbox 1348 366 1547 415; x_wconf 66' lang='lat' dir='ltr'>nunus</span> <span class='ocrx_word' id='word_1_5' title='bbox 1594 365 2032 415; x_wconf 69' lang='lat' dir='ltr'>rAmuAntnus</span> 
     </span>
    </p>
   </div>
   <div class='ocr_carea' id='block_1_2' title="bbox 550 510 2715 4232">
    <p class='ocr_par' dir='ltr' id='par_1_2' title="bbox 550 510 2715 4232">
     <span class='ocr_line' id='line_1_2' title="bbox 551 510 2707 607; baseline 0 -20"><span class='ocrx_word' id='word_1_6' title='bbox 551 519 703 607; x_wconf 88' lang='lat' dir='ltr'>Ego</span> <span class='ocrx_word' id='word_1_7' title='bbox 744 523 931 585; x_wconf 83' lang='lat' dir='ltr'>certe</span> <span class='ocrx_word' id='word_1_8' title='bbox 974 514 1074 583; x_wconf 90' lang='lat' dir='ltr'>sic</span> <span class='ocrx_word' id='word_1_9' title='bbox 1118 512 1425 594; x_wconf 85' lang='lat' dir='ltr'>memini,</span> <span class='ocrx_word' id='word_1_10' title='bbox 1464 522 1540 582; x_wconf 90' lang='lat' dir='ltr'>ut</span> <span class='ocrx_word' id='word_1_11' title='bbox 1581 510 1813 584; x_wconf 90' lang='lat' dir='ltr'>adhuc</span> <span class='ocrx_word' id='word_1_12' title='bbox 1873 514 2267 605; x_wconf 87' lang='lat' dir='ltr'>sepulcrum</span> <span class='ocrx_word' id='word_1_13' title='bbox 2309 513 2480 587; x_wconf 87' lang='lat' dir='ltr'>illud</span> <span class='ocrx_word' id='word_1_14' title='bbox 2524 539 2707 588; x_wconf 87' lang='lat' dir='ltr'>mar-</span> 
     </span>
     <span class='ocr_line' id='line_1_3' title="bbox 553 632 2707 729; baseline 0.002 -25"><span class='ocrx_word' id='word_1_15' title='bbox 553 655 865 704; x_wconf 89' lang='lat' dir='ltr'>moreum</span> <span class='ocrx_word' id='word_1_16' title='bbox 907 633 1266 724; x_wconf 90' lang='lat' dir='ltr'>antiquum</span> <span class='ocrx_word' id='word_1_17' title='bbox 1310 632 1498 723; x_wconf 90' lang='lat' dir='ltr'>quod</span> <span class='ocrx_word' id='word_1_18' title='bbox 1539 632 1609 703; x_wconf 91' lang='lat' dir='ltr'>in</span> <span class='ocrx_word' id='word_1_19' title='bbox 1649 634 1907 723; x_wconf 87' lang='lat' dir='ltr'>angulo</span> <span class='ocrx_word' id='word_1_20' title='bbox 1946 641 2083 716; x_wconf 89' lang='lat' dir='ltr'>est,</span> <span class='ocrx_word' id='word_1_21' title='bbox 2129 644 2200 702; x_wconf 88' lang='lat' dir='ltr'>et</span> <span class='ocrx_word' id='word_1_22' title='bbox 2247 636 2359 705; x_wconf 93' lang='lat' dir='ltr'>cui</span> <span class='ocrx_word' id='word_1_23' title='bbox 2415 646 2707 729; x_wconf 88' lang='lat' dir='ltr'>uterque</span> 
     </span>
     <span class='ocr_line' id='line_1_4' title="bbox 552 751 2707 837; baseline 0.002 -15"><span class='ocrx_word' id='word_1_24' title='bbox 552 763 866 824; x_wconf 88' lang='lat' dir='ltr'>nostrum</span> <span class='ocrx_word' id='word_1_25' title='bbox 909 751 1143 822; x_wconf 91' lang='lat' dir='ltr'>cubito</span> <span class='ocrx_word' id='word_1_26' title='bbox 1183 752 1571 836; x_wconf 75' lang='lat' dir='ltr'><strong>insistebat,</strong></span> <span class='ocrx_word' id='word_1_27' title='bbox 1616 754 1707 825; x_wconf 90' lang='lat' dir='ltr'>ad</span> <span class='ocrx_word' id='word_1_28' title='bbox 1735 753 1907 837; x_wconf 85' lang='lat' dir='ltr'>haec,</span> <span class='ocrx_word' id='word_1_29' title='bbox 1937 765 2010 824; x_wconf 90' lang='lat' dir='ltr'>et</span> <span class='ocrx_word' id='word_1_30' title='bbox 2047 776 2321 826; x_wconf 90' lang='lat' dir='ltr'>omnem</span> <span class='ocrx_word' id='word_1_31' title='bbox 2367 757 2465 826; x_wconf 91' lang='lat' dir='ltr'>tui</span> <span class='ocrx_word' id='word_1_32' title='bbox 2508 756 2707 827; x_wconf 88' lang='lat' dir='ltr'>habi-</span> 
     </span>
     <span class='ocr_line' id='line_1_5' title="bbox 553 875 2704 966; baseline 0.001 -19"><span class='ocrx_word' id='word_1_33' title='bbox 553 888 697 947; x_wconf 90' lang='lat' dir='ltr'>tum</span> <span class='ocrx_word' id='word_1_34' title='bbox 739 884 1082 966; x_wconf 87' lang='lat' dir='ltr'>spectare,</span> <span class='ocrx_word' id='word_1_35' title='bbox 1137 895 1491 966; x_wconf 89' lang='lat' dir='ltr'>vocesque</span> <span class='ocrx_word' id='word_1_36' title='bbox 1542 875 1698 946; x_wconf 88' lang='lat' dir='ltr'>illas</span> <span class='ocrx_word' id='word_1_37' title='bbox 1753 886 1909 946; x_wconf 90' lang='lat' dir='ltr'>tuas</span> <span class='ocrx_word' id='word_1_38' title='bbox 1961 877 2070 946; x_wconf 89' lang='lat' dir='ltr'>his</span> <span class='ocrx_word' id='word_1_39' title='bbox 2123 877 2412 948; x_wconf 86' lang='lat' dir='ltr'>auribus</span> <span class='ocrx_word' id='word_1_40' title='bbox 2465 878 2704 950; x_wconf 88' lang='lat' dir='ltr'>audire</span> 
     </span>
     <span class='ocr_line' id='line_1_6' title="bbox 552 996 2706 1079; baseline 0.001 -12"><span class='ocrx_word' id='word_1_41' title='bbox 552 997 719 1067; x_wconf 89' lang='lat' dir='ltr'>mihi</span> <span class='ocrx_word' id='word_1_42' title='bbox 759 996 1023 1068; x_wconf 91' lang='lat' dir='ltr'>videar.</span> <span class='ocrx_word' id='word_1_43' title='bbox 1091 996 1266 1077; x_wconf 86' lang='lat' dir='ltr'>Quae</span> <span class='ocrx_word' id='word_1_44' title='bbox 1308 1018 1465 1066; x_wconf 90' lang='lat' dir='ltr'>cum</span> <span class='ocrx_word' id='word_1_45' title='bbox 1508 996 1601 1066; x_wconf 89' lang='lat' dir='ltr'>ita</span> <span class='ocrx_word' id='word_1_46' title='bbox 1646 997 1808 1079; x_wconf 85' lang='lat' dir='ltr'>sint,</span> <span class='ocrx_word' id='word_1_47' title='bbox 1847 1018 1986 1067; x_wconf 89' lang='lat' dir='ltr'>non</span> <span class='ocrx_word' id='word_1_48' title='bbox 2018 996 2231 1067; x_wconf 87' lang='lat' dir='ltr'>debet</span> <span class='ocrx_word' id='word_1_49' title='bbox 2280 997 2706 1070; x_wconf 83' lang='lat' dir='ltr'>intolerabile</span> 
     </span>
     <span class='ocr_line' id='line_1_7' title="bbox 550 1117 2705 1210; baseline -0.001 -20"><span class='ocrx_word' id='word_1_50' title='bbox 550 1118 882 1190; x_wconf 89' lang='lat' dir='ltr'>damnum</span> <span class='ocrx_word' id='word_1_51' title='bbox 919 1138 1102 1200; x_wconf 89' lang='lat' dir='ltr'>esse,</span> <span class='ocrx_word' id='word_1_52' title='bbox 1158 1117 1347 1208; x_wconf 90' lang='lat' dir='ltr'>quod</span> <span class='ocrx_word' id='word_1_53' title='bbox 1400 1128 1589 1188; x_wconf 89' lang='lat' dir='ltr'>tanto</span> <span class='ocrx_word' id='word_1_54' title='bbox 1639 1125 1800 1187; x_wconf 92' lang='lat' dir='ltr'>ante</span> <span class='ocrx_word' id='word_1_55' title='bbox 1851 1117 2230 1210; x_wconf 86' lang='lat' dir='ltr'>praevisum</span> <span class='ocrx_word' id='word_1_56' title='bbox 2281 1129 2410 1189; x_wconf 86' lang='lat' dir='ltr'>est.</span> <span class='ocrx_word' id='word_1_57' title='bbox 2461 1118 2705 1190; x_wconf 90' lang='lat' dir='ltr'>Armat</span> 
     </span>
     <span class='ocr_line' id='line_1_8' title="bbox 550 1236 2704 1332; baseline 0.001 -24"><span class='ocrx_word' id='word_1_58' title='bbox 550 1238 734 1310; x_wconf 90' lang='lat' dir='ltr'>enim</span> <span class='ocrx_word' id='word_1_59' title='bbox 778 1238 1129 1309; x_wconf 80' lang='lat' dir='ltr'>meditatio</span> <span class='ocrx_word' id='word_1_60' title='bbox 1169 1239 1495 1309; x_wconf 89' lang='lat' dir='ltr'>animum.</span> <span class='ocrx_word' id='word_1_61' title='bbox 1539 1236 1721 1320; x_wconf 88' lang='lat' dir='ltr'>Quid</span> <span class='ocrx_word' id='word_1_62' title='bbox 1756 1237 2016 1331; x_wconf 89' lang='lat' dir='ltr'>pateris</span> <span class='ocrx_word' id='word_1_63' title='bbox 2049 1239 2235 1329; x_wconf 87' lang='lat' dir='ltr'>quod</span> <span class='ocrx_word' id='word_1_64' title='bbox 2273 1260 2409 1309; x_wconf 91' lang='lat' dir='ltr'>non</span> <span class='ocrx_word' id='word_1_65' title='bbox 2445 1250 2507 1310; x_wconf 93' lang='lat' dir='ltr'>te</span> <span class='ocrx_word' id='word_1_66' title='bbox 2540 1261 2704 1332; x_wconf 89' lang='lat' dir='ltr'>pas-</span> 
     </span>
     <span class='ocr_line' id='line_1_9' title="bbox 556 1356 2704 1450; baseline 0 -20"><span class='ocrx_word' id='word_1_67' title='bbox 556 1380 798 1430; x_wconf 90' lang='lat' dir='ltr'>surum</span> <span class='ocrx_word' id='word_1_68' title='bbox 842 1358 1114 1429; x_wconf 75' lang='lat' dir='ltr'>scires?</span> <span class='ocrx_word' id='word_1_69' title='bbox 1152 1359 1372 1429; x_wconf 92' lang='lat' dir='ltr'>Nemo</span> <span class='ocrx_word' id='word_1_70' title='bbox 1413 1360 1660 1450; x_wconf 83' lang='lat' dir='ltr'>plorat,</span> <span class='ocrx_word' id='word_1_71' title='bbox 1701 1356 1920 1428; x_wconf 80' lang='lat' dir='ltr'>filium</span> <span class='ocrx_word' id='word_1_72' title='bbox 1964 1379 2042 1428; x_wconf 89' lang='lat' dir='ltr'>se</span> <span class='ocrx_word' id='word_1_73' title='bbox 2083 1359 2411 1449; x_wconf 79' lang='lat' dir='ltr'>genuisse</span> <span class='ocrx_word' id='word_1_74' title='bbox 2447 1368 2704 1430; x_wconf 89' lang='lat' dir='ltr'>morta-</span> 
     </span>
     <span class='ocr_line' id='line_1_10' title="bbox 553 1479 2697 1574; baseline 0.001 -26"><span class='ocrx_word' id='word_1_75' title='bbox 553 1481 712 1563; x_wconf 88' lang='lat' dir='ltr'>lem,</span> <span class='ocrx_word' id='word_1_76' title='bbox 741 1479 875 1550; x_wconf 90' lang='lat' dir='ltr'>nisi</span> <span class='ocrx_word' id='word_1_77' title='bbox 903 1480 993 1550; x_wconf 90' lang='lat' dir='ltr'>sit</span> <span class='ocrx_word' id='word_1_78' title='bbox 1027 1479 1208 1551; x_wconf 91' lang='lat' dir='ltr'>idem</span> <span class='ocrx_word' id='word_1_79' title='bbox 1244 1501 1485 1550; x_wconf 87' lang='lat' dir='ltr'>amens</span> <span class='ocrx_word' id='word_1_80' title='bbox 1518 1491 1589 1550; x_wconf 90' lang='lat' dir='ltr'>et</span> <span class='ocrx_word' id='word_1_81' title='bbox 1622 1480 1920 1574; x_wconf 87' lang='lat' dir='ltr'>propriae</span> <span class='ocrx_word' id='word_1_82' title='bbox 1956 1480 2393 1551; x_wconf 80' lang='lat' dir='ltr'>mortalitatis</span> <span class='ocrx_word' id='word_1_83' title='bbox 2425 1480 2697 1552; x_wconf 90' lang='lat' dir='ltr'>oblitus.</span> 
     </span>
     <span class='ocr_line' id='line_1_11' title="bbox 551 1600 2706 1692; baseline 0.001 -23"><span class='ocrx_word' id='word_1_84' title='bbox 551 1600 886 1671; x_wconf 89' lang='lat' dir='ltr'>Amamus</span> <span class='ocrx_word' id='word_1_85' title='bbox 928 1602 1146 1673; x_wconf 84' lang='lat' dir='ltr'>nostri</span> <span class='ocrx_word' id='word_1_86' title='bbox 1188 1601 1447 1672; x_wconf 88' lang='lat' dir='ltr'>similes</span> <span class='ocrx_word' id='word_1_87' title='bbox 1491 1600 1669 1671; x_wconf 84' lang='lat' dir='ltr'>filios</span> <span class='ocrx_word' id='word_1_88' title='bbox 1715 1600 2018 1671; x_wconf 87' lang='lat' dir='ltr'>habere:</span> <span class='ocrx_word' id='word_1_89' title='bbox 2063 1601 2226 1671; x_wconf 89' lang='lat' dir='ltr'>nihil</span> <span class='ocrx_word' id='word_1_90' title='bbox 2269 1623 2442 1671; x_wconf 91' lang='lat' dir='ltr'>vero</span> <span class='ocrx_word' id='word_1_91' title='bbox 2483 1601 2706 1692; x_wconf 83' lang='lat' dir='ltr'>magis</span> 
     </span>
     <span class='ocr_line' id='line_1_12' title="bbox 551 1721 2705 1816; baseline 0.001 -25"><span class='ocrx_word' id='word_1_92' title='bbox 551 1732 664 1792; x_wconf 87' lang='lat' dir='ltr'>est</span> <span class='ocrx_word' id='word_1_93' title='bbox 713 1734 1056 1806; x_wconf 90' lang='lat' dir='ltr'>nostrum,</span> <span class='ocrx_word' id='word_1_94' title='bbox 1113 1744 1321 1816; x_wconf 88' lang='lat' dir='ltr'>quam</span> <span class='ocrx_word' id='word_1_95' title='bbox 1388 1722 1598 1794; x_wconf 89' lang='lat' dir='ltr'>insita</span> <span class='ocrx_word' id='word_1_96' title='bbox 1664 1732 1875 1814; x_wconf 89' lang='lat' dir='ltr'>atque</span> <span class='ocrx_word' id='word_1_97' title='bbox 1939 1721 2193 1793; x_wconf 89' lang='lat' dir='ltr'>indicta</span> <span class='ocrx_word' id='word_1_98' title='bbox 2259 1723 2705 1794; x_wconf 88' lang='lat' dir='ltr'>nascentibus</span> 
     </span>
     <span class='ocr_line' id='line_1_13' title="bbox 554 1843 2709 1936; baseline -0 -22"><span class='ocrx_word' id='word_1_99' title='bbox 554 1843 857 1915; x_wconf 90' lang='lat' dir='ltr'>conditio</span> <span class='ocrx_word' id='word_1_100' title='bbox 882 1844 1248 1926; x_wconf 85' lang='lat' dir='ltr'>moriendi,</span> <span class='ocrx_word' id='word_1_101' title='bbox 1282 1844 1429 1915; x_wconf 89' lang='lat' dir='ltr'>sola</span> <span class='ocrx_word' id='word_1_102' title='bbox 1452 1844 1761 1915; x_wconf 90' lang='lat' dir='ltr'>omnium</span> <span class='ocrx_word' id='word_1_103' title='bbox 1796 1843 2278 1936; x_wconf 88' lang='lat' dir='ltr'>inseparabilis</span> <span class='ocrx_word' id='word_1_104' title='bbox 2324 1843 2709 1914; x_wconf 87' lang='lat' dir='ltr'>inhaerens-</span> 
     </span>
     <span class='ocr_line' id='line_1_14' title="bbox 553 1962 2703 2056; baseline -0.001 -22"><span class='ocrx_word' id='word_1_105' title='bbox 553 1986 691 2056; x_wconf 91' lang='lat' dir='ltr'>que</span> <span class='ocrx_word' id='word_1_106' title='bbox 740 1965 1023 2036; x_wconf 91' lang='lat' dir='ltr'>ossibus</span> <span class='ocrx_word' id='word_1_107' title='bbox 1069 1986 1151 2035; x_wconf 90' lang='lat' dir='ltr'>ac</span> <span class='ocrx_word' id='word_1_108' title='bbox 1201 1964 1546 2035; x_wconf 88' lang='lat' dir='ltr'>medullis.</span> <span class='ocrx_word' id='word_1_109' title='bbox 1591 1964 1775 2045; x_wconf 89' lang='lat' dir='ltr'>Quid</span> <span class='ocrx_word' id='word_1_110' title='bbox 1812 1985 1983 2054; x_wconf 87' lang='lat' dir='ltr'>ergo</span> <span class='ocrx_word' id='word_1_111' title='bbox 2014 1964 2252 2035; x_wconf 89' lang='lat' dir='ltr'>dolent</span> <span class='ocrx_word' id='word_1_112' title='bbox 2285 1964 2602 2034; x_wconf 87' lang='lat' dir='ltr'>homines</span> <span class='ocrx_word' id='word_1_113' title='bbox 2636 1962 2703 2031; x_wconf 94' lang='lat' dir='ltr'>in</span> 
     </span>
     <span class='ocr_line' id='line_1_15' title="bbox 552 2082 2707 2174; baseline 0 -23"><span class='ocrx_word' id='word_1_114' title='bbox 552 2082 908 2154; x_wconf 77' lang='lat' dir='ltr'>funeribus</span> <span class='ocrx_word' id='word_1_115' title='bbox 959 2082 1253 2154; x_wconf 84' lang='lat' dir='ltr'>filiorum</span> <span class='ocrx_word' id='word_1_116' title='bbox 1283 2086 1317 2151; x_wconf 76' lang='lat'>⁶?</span> <span class='ocrx_word' id='word_1_117' title='bbox 1367 2084 1679 2153; x_wconf 77' lang='lat' dir='ltr'>Profecto</span> <span class='ocrx_word' id='word_1_118' title='bbox 1729 2104 1866 2153; x_wconf 94' lang='lat' dir='ltr'>non</span> <span class='ocrx_word' id='word_1_119' title='bbox 1922 2095 2184 2154; x_wconf 91' lang='lat' dir='ltr'>certum</span> <span class='ocrx_word' id='word_1_120' title='bbox 2237 2094 2307 2154; x_wconf 90' lang='lat' dir='ltr'>et</span> <span class='ocrx_word' id='word_1_121' title='bbox 2358 2083 2707 2174; x_wconf 90' lang='lat' dir='ltr'>publicum</span> 
     </span>
     <span class='ocr_line' id='line_1_16' title="bbox 554 2204 2711 2298; baseline -0.001 -23"><span class='ocrx_word' id='word_1_122' title='bbox 554 2216 822 2276; x_wconf 85' lang='lat' dir='ltr'>naturae</span> <span class='ocrx_word' id='word_1_123' title='bbox 860 2204 1195 2287; x_wconf 85' lang='lat' dir='ltr'>debitum,</span> <span class='ocrx_word' id='word_1_124' title='bbox 1244 2205 1370 2276; x_wconf 90' lang='lat' dir='ltr'>sed</span> <span class='ocrx_word' id='word_1_125' title='bbox 1419 2204 1668 2274; x_wconf 90' lang='lat' dir='ltr'>mortis</span> <span class='ocrx_word' id='word_1_126' title='bbox 1719 2204 2142 2298; x_wconf 89' lang='lat' dir='ltr'>insperatum</span> <span class='ocrx_word' id='word_1_127' title='bbox 2197 2204 2532 2275; x_wconf 89' lang='lat' dir='ltr'>ordinem.</span> <span class='ocrx_word' id='word_1_128' title='bbox 2587 2204 2711 2273; x_wconf 89' lang='lat' dir='ltr'>Hic</span> 
     </span>
     <span class='ocr_line' id='line_1_17' title="bbox 556 2325 2711 2418; baseline -0 -23"><span class='ocrx_word' id='word_1_129' title='bbox 556 2325 708 2411; x_wconf 87' lang='lat' dir='ltr'>tibi,</span> <span class='ocrx_word' id='word_1_130' title='bbox 753 2336 1088 2418; x_wconf 91' lang='lat' dir='ltr'>quantum</span> <span class='ocrx_word' id='word_1_131' title='bbox 1133 2325 1419 2417; x_wconf 78' lang='lat' dir='ltr'>intelligi</span> <span class='ocrx_word' id='word_1_132' title='bbox 1454 2326 1692 2409; x_wconf 90' lang='lat' dir='ltr'>datur,</span> <span class='ocrx_word' id='word_1_133' title='bbox 1731 2346 1861 2396; x_wconf 91' lang='lat' dir='ltr'>nec</span> <span class='ocrx_word' id='word_1_134' title='bbox 1895 2325 2316 2418; x_wconf 88' lang='lat' dir='ltr'>improvisus</span> <span class='ocrx_word' id='word_1_135' title='bbox 2353 2346 2481 2395; x_wconf 91' lang='lat' dir='ltr'>nec</span> <span class='ocrx_word' id='word_1_136' title='bbox 2513 2325 2711 2416; x_wconf 79' lang='lat' dir='ltr'>igno·</span> 
     </span>
     <span class='ocr_line' id='line_1_18' title="bbox 555 2446 2678 2538; baseline 0 -22"><span class='ocrx_word' id='word_1_137' title='bbox 555 2455 745 2516; x_wconf 87' lang='lat' dir='ltr'>ratus</span> <span class='ocrx_word' id='word_1_138' title='bbox 786 2448 934 2516; x_wconf 87' lang='lat' dir='ltr'>fuit.</span> <span class='ocrx_word' id='word_1_139' title='bbox 977 2447 1208 2517; x_wconf 88' lang='lat' dir='ltr'>Prima</span> <span class='ocrx_word' id='word_1_140' title='bbox 1248 2448 1529 2538; x_wconf 84' lang='lat' dir='ltr'>lugendi</span> <span class='ocrx_word' id='word_1_141' title='bbox 1564 2469 1779 2518; x_wconf 90' lang='lat' dir='ltr'>causa</span> <span class='ocrx_word' id='word_1_142' title='bbox 1816 2446 2087 2518; x_wconf 90' lang='lat' dir='ltr'>sublata</span> <span class='ocrx_word' id='word_1_143' title='bbox 2120 2457 2255 2530; x_wconf 89' lang='lat' dir='ltr'>est,</span> <span class='ocrx_word' id='word_1_144' title='bbox 2294 2446 2551 2538; x_wconf 87' lang='lat' dir='ltr'>inopini</span> <span class='ocrx_word' id='word_1_145' title='bbox 2585 2447 2678 2518; x_wconf 93' lang='lat' dir='ltr'>do</span> 
     </span>
     <span class='ocr_line' id='line_1_19' title="bbox 554 2565 2711 2658; baseline 0 -24"><span class='ocrx_word' id='word_1_146' title='bbox 554 2567 655 2637; x_wconf 89' lang='lat' dir='ltr'>lor</span> <span class='ocrx_word' id='word_1_147' title='bbox 697 2566 1026 2637; x_wconf 89' lang='lat' dir='ltr'>vulneris.</span> <span class='ocrx_word' id='word_1_148' title='bbox 1072 2565 1211 2637; x_wconf 90' lang='lat' dir='ltr'>Aut</span> <span class='ocrx_word' id='word_1_149' title='bbox 1252 2567 1459 2658; x_wconf 85' lang='lat' dir='ltr'>igitur</span> <span class='ocrx_word' id='word_1_150' title='bbox 1501 2568 1790 2638; x_wconf 85' lang='lat' dir='ltr'>affectus</span> <span class='ocrx_word' id='word_1_151' title='bbox 1834 2577 1989 2638; x_wconf 90' lang='lat' dir='ltr'>tuos</span> <span class='ocrx_word' id='word_1_152' title='bbox 2024 2568 2262 2640; x_wconf 90' lang='lat' dir='ltr'>divino</span> <span class='ocrx_word' id='word_1_153' title='bbox 2300 2567 2544 2639; x_wconf 85' lang='lat' dir='ltr'>subdis</span> <span class='ocrx_word' id='word_1_154' title='bbox 2582 2567 2711 2635; x_wconf 89' lang='lat' dir='ltr'>im-</span> 
     </span>
     <span class='ocr_line' id='line_1_20' title="bbox 554 2687 2709 2779; baseline -0 -22"><span class='ocrx_word' id='word_1_155' title='bbox 554 2687 775 2779; x_wconf 88' lang='lat' dir='ltr'>perio,</span> <span class='ocrx_word' id='word_1_156' title='bbox 840 2688 1026 2779; x_wconf 87' lang='lat' dir='ltr'>quod</span> <span class='ocrx_word' id='word_1_157' title='bbox 1076 2688 1260 2758; x_wconf 89' lang='lat' dir='ltr'>docti</span> <span class='ocrx_word' id='word_1_158' title='bbox 1311 2708 1551 2760; x_wconf 87' lang='lat' dir='ltr'>omnes</span> <span class='ocrx_word' id='word_1_159' title='bbox 1605 2698 1679 2759; x_wconf 92' lang='lat' dir='ltr'>et</span> <span class='ocrx_word' id='word_1_160' title='bbox 1726 2688 1901 2760; x_wconf 91' lang='lat' dir='ltr'>bene</span> <span class='ocrx_word' id='word_1_161' title='bbox 1949 2690 2247 2760; x_wconf 87' lang='lat' dir='ltr'>instituti</span> <span class='ocrx_word' id='word_1_162' title='bbox 2297 2691 2586 2770; x_wconf 84' lang='lat' dir='ltr'>faciunt,</span> <span class='ocrx_word' id='word_1_163' title='bbox 2638 2696 2709 2757; x_wconf 90' lang='lat' dir='ltr'>et</span> 
     </span>
     <span class='ocr_line' id='line_1_21' title="bbox 554 2808 2712 2902; baseline -0 -24"><span class='ocrx_word' id='word_1_164' title='bbox 554 2828 1016 2901; x_wconf 69' lang='lat' dir='ltr'>quaecumque</span> <span class='ocrx_word' id='word_1_165' title='bbox 1061 2808 1178 2879; x_wconf 90' lang='lat' dir='ltr'>tibi</span> <span class='ocrx_word' id='word_1_166' title='bbox 1222 2808 1624 2880; x_wconf 90' lang='lat' dir='ltr'>acciderunt</span> <span class='ocrx_word' id='word_1_167' title='bbox 1676 2820 1809 2880; x_wconf 86' lang='lat' dir='ltr'>tam</span> <span class='ocrx_word' id='word_1_168' title='bbox 1863 2808 2250 2902; x_wconf 83' lang='lat' dir='ltr'>praevidisti</span> <span class='ocrx_word' id='word_1_169' title='bbox 2303 2808 2712 2900; x_wconf 86' lang='lat' dir='ltr'>aequanimi-</span> 
     </span>
     <span class='ocr_line' id='line_1_22' title="bbox 557 2930 2709 3023; baseline -0 -24"><span class='ocrx_word' id='word_1_170' title='bbox 557 2939 661 2999; x_wconf 92' lang='lat' dir='ltr'>ter</span> <span class='ocrx_word' id='word_1_171' title='bbox 698 2950 909 3021; x_wconf 90' lang='lat' dir='ltr'>quam</span> <span class='ocrx_word' id='word_1_172' title='bbox 953 2930 1208 3013; x_wconf 81' lang='lat' dir='ltr'>tulisti3</span> <span class='ocrx_word' id='word_1_173' title='bbox 1263 2941 1385 3003; x_wconf 90' lang='lat' dir='ltr'>aut</span> <span class='ocrx_word' id='word_1_174' title='bbox 1436 2932 1494 3003; x_wconf 89' lang='lat' dir='ltr'>si</span> <span class='ocrx_word' id='word_1_175' title='bbox 1546 2935 1720 3003; x_wconf 78' lang='lat' dir='ltr'>forte</span> <span class='ocrx_word' id='word_1_176' title='bbox 1777 2931 2129 3023; x_wconf 88' lang='lat' dir='ltr'>(quoniam</span> <span class='ocrx_word' id='word_1_177' title='bbox 2185 2951 2388 3001; x_wconf 90' lang='lat' dir='ltr'>suum</span> <span class='ocrx_word' id='word_1_178' title='bbox 2442 2939 2709 3001; x_wconf 82' lang='lat' dir='ltr'>naturae</span> 
     </span>
     <span class='ocr_line' id='line_1_23' title="bbox 554 3051 2709 3145; baseline 0 -27"><span class='ocrx_word' id='word_1_179' title='bbox 554 3051 661 3121; x_wconf 92' lang='lat' dir='ltr'>ius</span> <span class='ocrx_word' id='word_1_180' title='bbox 712 3052 977 3143; x_wconf 91' lang='lat' dir='ltr'>eripere</span> <span class='ocrx_word' id='word_1_181' title='bbox 1043 3052 1318 3123; x_wconf 89' lang='lat' dir='ltr'>difficile</span> <span class='ocrx_word' id='word_1_182' title='bbox 1369 3052 1512 3145; x_wconf 87' lang='lat' dir='ltr'>est)</span> <span class='ocrx_word' id='word_1_183' title='bbox 1568 3051 1903 3143; x_wconf 81' lang='lat' dir='ltr'>gemitum</span> <span class='ocrx_word' id='word_1_184' title='bbox 1963 3052 2322 3122; x_wconf 88' lang='lat' dir='ltr'>reluctanti</span> <span class='ocrx_word' id='word_1_185' title='bbox 2377 3062 2709 3144; x_wconf 88' lang='lat' dir='ltr'>paternus</span> 
     </span>
     <span class='ocr_line' id='line_1_24' title="bbox 551 3172 2710 3264; baseline 0 -25"><span class='ocrx_word' id='word_1_186' title='bbox 551 3191 746 3242; x_wconf 91' lang='lat' dir='ltr'>amor</span> <span class='ocrx_word' id='word_1_187' title='bbox 811 3172 882 3241; x_wconf 90' lang='lat' dir='ltr'>vi</span> <span class='ocrx_word' id='word_1_188' title='bbox 931 3174 1309 3264; x_wconf 85' lang='lat' dir='ltr'>expressit,</span> <span class='ocrx_word' id='word_1_189' title='bbox 1369 3184 1635 3244; x_wconf 88' lang='lat' dir='ltr'>tantum</span> <span class='ocrx_word' id='word_1_190' title='bbox 1691 3182 1923 3243; x_wconf 87' lang='lat' dir='ltr'>tamen</span> <span class='ocrx_word' id='word_1_191' title='bbox 1976 3183 2248 3264; x_wconf 88' lang='lat' dir='ltr'>tempus</span> <span class='ocrx_word' id='word_1_192' title='bbox 2299 3172 2573 3242; x_wconf 84' lang='lat' dir='ltr'>effluxit</span> <span class='ocrx_word' id='word_1_193' title='bbox 2617 3192 2710 3240; x_wconf 83' lang='lat' dir='ltr'>ex</span> 
     </span>
     <span class='ocr_line' id='line_1_25' title="bbox 551 3292 2710 3386; baseline -0 -24"><span class='ocrx_word' id='word_1_194' title='bbox 551 3314 691 3383; x_wconf 92' lang='lat' dir='ltr'>quo</span> <span class='ocrx_word' id='word_1_195' title='bbox 731 3294 968 3382; x_wconf 88' lang='lat' dir='ltr'>lugere</span> <span class='ocrx_word' id='word_1_196' title='bbox 1009 3293 1307 3385; x_wconf 90' lang='lat' dir='ltr'>primum</span> <span class='ocrx_word' id='word_1_197' title='bbox 1347 3293 1676 3386; x_wconf 71' lang='lat' dir='ltr'>coeperis,</span> <span class='ocrx_word' id='word_1_198' title='bbox 1723 3303 1799 3363; x_wconf 88' lang='lat' dir='ltr'>ut</span> <span class='ocrx_word' id='word_1_199' title='bbox 1847 3294 1983 3363; x_wconf 89' lang='lat' dir='ltr'>iam</span> <span class='ocrx_word' id='word_1_200' title='bbox 2038 3292 2416 3363; x_wconf 89' lang='lat' dir='ltr'>verisimile</span> <span class='ocrx_word' id='word_1_201' title='bbox 2462 3292 2568 3373; x_wconf 89' lang='lat' dir='ltr'>sit,</span> <span class='ocrx_word' id='word_1_202' title='bbox 2614 3293 2710 3361; x_wconf 83' lang='lat' dir='ltr'>la-</span> 
     </span>
     <span class='ocr_line' id='line_1_26' title="bbox 550 3412 2713 3495; baseline -0.002 -12"><span class='ocrx_word' id='word_1_203' title='bbox 550 3412 803 3483; x_wconf 90' lang='lat' dir='ltr'>crimas</span> <span class='ocrx_word' id='word_1_204' title='bbox 853 3415 1147 3485; x_wconf 88' lang='lat' dir='ltr'>aruisse.</span> <span class='ocrx_word' id='word_1_205' title='bbox 1201 3416 1549 3486; x_wconf 84' lang='lat' dir='ltr'>Lentescit</span> <span class='ocrx_word' id='word_1_206' title='bbox 1596 3414 1777 3485; x_wconf 90' lang='lat' dir='ltr'>enim</span> <span class='ocrx_word' id='word_1_207' title='bbox 1834 3423 2054 3485; x_wconf 87' lang='lat' dir='ltr'>tractu</span> <span class='ocrx_word' id='word_1_208' title='bbox 2105 3415 2328 3495; x_wconf 87' lang='lat' dir='ltr'>dolor,</span> <span class='ocrx_word' id='word_1_209' title='bbox 2397 3412 2713 3482; x_wconf 90' lang='lat' dir='ltr'>lentescit</span> 
     </span>
     <span class='ocr_line' id='line_1_27' title="bbox 551 3533 2713 3626; baseline -0.001 -23"><span class='ocrx_word' id='word_1_210' title='bbox 551 3542 625 3603; x_wconf 88' lang='lat' dir='ltr'>et</span> <span class='ocrx_word' id='word_1_211' title='bbox 662 3533 1027 3624; x_wconf 80' lang='lat' dir='ltr'>gaudium3</span> <span class='ocrx_word' id='word_1_212' title='bbox 1053 3536 1382 3626; x_wconf 90' lang='lat' dir='ltr'>quodque</span> <span class='ocrx_word' id='word_1_213' title='bbox 1408 3558 1625 3606; x_wconf 91' lang='lat' dir='ltr'>unum</span> <span class='ocrx_word' id='word_1_214' title='bbox 1654 3534 1913 3606; x_wconf 87' lang='lat' dir='ltr'>habent</span> <span class='ocrx_word' id='word_1_215' title='bbox 1936 3535 2214 3618; x_wconf 87' lang='lat' dir='ltr'>bonum,</span> <span class='ocrx_word' id='word_1_216' title='bbox 2254 3536 2713 3605; x_wconf 89' lang='lat' dir='ltr'>humanarum</span> 
     </span>
     <span class='ocr_line' id='line_1_28' title="bbox 551 3656 2712 3750; baseline -0.003 -23"><span class='ocrx_word' id='word_1_217' title='bbox 551 3658 958 3746; x_wconf 89' lang='lat' dir='ltr'>passionum</span> <span class='ocrx_word' id='word_1_218' title='bbox 1022 3657 1209 3725; x_wconf 89' lang='lat' dir='ltr'>nulla</span> <span class='ocrx_word' id='word_1_219' title='bbox 1275 3665 1604 3750; x_wconf 89' lang='lat' dir='ltr'>perpetua</span> <span class='ocrx_word' id='word_1_220' title='bbox 1659 3667 1788 3726; x_wconf 91' lang='lat' dir='ltr'>est.</span> <span class='ocrx_word' id='word_1_221' title='bbox 1843 3656 1983 3727; x_wconf 87' lang='lat' dir='ltr'>Sed</span> <span class='ocrx_word' id='word_1_222' title='bbox 2031 3656 2354 3747; x_wconf 90' lang='lat' dir='ltr'>quoniam</span> <span class='ocrx_word' id='word_1_223' title='bbox 2421 3672 2712 3742; x_wconf 87' lang='lat' dir='ltr'>magnas</span> 
     </span>
     <span class='ocr_line' id='line_1_29' title="bbox 552 3773 2709 3868; baseline -0.002 -24"><span class='ocrx_word' id='word_1_224' title='bbox 552 3798 668 3847; x_wconf 92' lang='lat' dir='ltr'>res</span> <span class='ocrx_word' id='word_1_225' title='bbox 721 3776 1088 3868; x_wconf 80' lang='lat' dir='ltr'>agentibus</span> <span class='ocrx_word' id='word_1_226' title='bbox 1140 3776 1359 3848; x_wconf 89' lang='lat' dir='ltr'>oratio</span> <span class='ocrx_word' id='word_1_227' title='bbox 1409 3779 1681 3868; x_wconf 78' lang='lat' dir='ltr'>longior</span> <span class='ocrx_word' id='word_1_228' title='bbox 1729 3777 1983 3860; x_wconf 87' lang='lat' dir='ltr'>invisa,</span> <span class='ocrx_word' id='word_1_229' title='bbox 2041 3774 2245 3847; x_wconf 84' lang='lat' dir='ltr'>finem</span> <span class='ocrx_word' id='word_1_230' title='bbox 2296 3774 2565 3845; x_wconf 87' lang='lat' dir='ltr'>faciam.</span> <span class='ocrx_word' id='word_1_231' title='bbox 2620 3773 2709 3842; x_wconf 88' lang='lat' dir='ltr'>Ut</span> 
     </span>
     <span class='ocr_line' id='line_1_30' title="bbox 552 3894 2709 3990; baseline -0.002 -24"><span class='ocrx_word' id='word_1_232' title='bbox 552 3918 721 3968; x_wconf 91' lang='lat' dir='ltr'>vero</span> <span class='ocrx_word' id='word_1_233' title='bbox 761 3919 899 3969; x_wconf 93' lang='lat' dir='ltr'>non</span> <span class='ocrx_word' id='word_1_234' title='bbox 943 3899 1302 3969; x_wconf 87' lang='lat' dir='ltr'>inhumani</span> <span class='ocrx_word' id='word_1_235' title='bbox 1353 3898 1572 3989; x_wconf 88' lang='lat' dir='ltr'>patris</span> <span class='ocrx_word' id='word_1_236' title='bbox 1624 3898 1854 3979; x_wconf 88' lang='lat' dir='ltr'>fuerit,</span> <span class='ocrx_word' id='word_1_237' title='bbox 1907 3896 2220 3990; x_wconf 82' lang='lat' dir='ltr'>epistolae</span> <span class='ocrx_word' id='word_1_238' title='bbox 2269 3894 2709 3989; x_wconf 86' lang='lat' dir='ltr'>principium,</span> 
     </span>
     <span class='ocr_line' id='line_1_31' title="bbox 556 4010 2715 4111; baseline -0.001 -28"><span class='ocrx_word' id='word_1_239' title='bbox 556 4014 613 4083; x_wconf 90' lang='lat' dir='ltr'>si</span> <span class='ocrx_word' id='word_1_240' title='bbox 664 4016 735 4085; x_wconf 88' lang='lat' dir='ltr'>id</span> <span class='ocrx_word' id='word_1_241' title='bbox 786 4020 1006 4108; x_wconf 88' lang='lat' dir='ltr'>pietas</span> <span class='ocrx_word' id='word_1_242' title='bbox 1061 4017 1393 4111; x_wconf 84' lang='lat' dir='ltr'>coegerit,</span> <span class='ocrx_word' id='word_1_243' title='bbox 1449 4017 1900 4089; x_wconf 89' lang='lat' dir='ltr'>humentibus</span> <span class='ocrx_word' id='word_1_244' title='bbox 1965 4019 2183 4089; x_wconf 91' lang='lat' dir='ltr'>oculis</span> <span class='ocrx_word' id='word_1_245' title='bbox 2238 4015 2541 4105; x_wconf 80' lang='lat' dir='ltr'>legisse3</span> <span class='ocrx_word' id='word_1_246' title='bbox 2612 4010 2715 4081; x_wconf 91' lang='lat' dir='ltr'>sic</span> 
     </span>
     <span class='ocr_line' id='line_1_32' title="bbox 556 4129 2713 4232; baseline -0.002 -27"><span class='ocrx_word' id='word_1_247' title='bbox 556 4133 757 4207; x_wconf 85' lang='lat' dir='ltr'>siccis</span> <span class='ocrx_word' id='word_1_248' title='bbox 801 4136 1011 4209; x_wconf 86' lang='lat' dir='ltr'>finem</span> <span class='ocrx_word' id='word_1_249' title='bbox 1056 4141 1429 4211; x_wconf 91' lang='lat' dir='ltr'>luminibus</span> <span class='ocrx_word' id='word_1_250' title='bbox 1470 4141 1864 4232; x_wconf 88' lang='lat' dir='ltr'>perlegere,</span> <span class='ocrx_word' id='word_1_251' title='bbox 1910 4137 2042 4207; x_wconf 88' lang='lat' dir='ltr'>viri</span> <span class='ocrx_word' id='word_1_252' title='bbox 2095 4136 2289 4208; x_wconf 83' lang='lat' dir='ltr'>fortis</span> <span class='ocrx_word' id='word_1_253' title='bbox 2342 4135 2473 4206; x_wconf 91' lang='lat' dir='ltr'>erit</span> <span class='ocrx_word' id='word_1_254' title='bbox 2503 4142 2573 4202; x_wconf 81' lang='lat' dir='ltr'>et</span> <span class='ocrx_word' id='word_1_255' title='bbox 2606 4129 2713 4196; x_wconf 87' lang='lat' dir='ltr'>in-</span> 
     </span>
    </p>
   </div>
  </div>
 </body>
</html>
