3104 4805
1149 384 1682 435 PROLEGOHENON.
2281 386 2452 438 xcvn

754 524 920 597 pestis
946 521 1155 595 ubique
1181 523 1310 579 fecit
1336 538 1522 578 amare
1559 522 1949 594 conqueritur:
1990 522 2219 579 nunciat
2255 523 2455 578 deinde

750 611 961 666 obitum
1012 610 1282 682 Paganini
1308 654 1323 681 ,
1379 616 1434 666 et
1486 609 1717 666 insidias
1772 615 2011 667 structas
2064 611 2350 668 Mainardo
2401 617 2457 666 et

750 699 932 756 Lucae.

338 793 444 866 Ep.
528 792 587 848 8.
628 791 945 848 Louriane
972 806 1009 846 A
1036 793 1269 847 SERICO.
1292 822 1367 834 —
1386 790 1544 859 Quid
1573 790 1730 844 mihi
1757 789 1827 844 de
1856 789 1968 844 hac
1994 787 2131 843 vita.

678 881 822 954 Ary.
852 880 1036 937 Vitam
1064 882 1370 937 humanam
1399 898 1502 954 per
1526 880 1861 953 multiplices
1887 878 2095 951 figuras
2121 879 2396 938 describit.

1230 1118 1449 1182 LIBER
1491 1119 1587 1181 lx.

336 1339 441 1411 Ep.
525 1339 585 1392 1.
626 1337 945 1393 Misi-nano
973 1336 1078 1393 P10
1104 1351 1323 1393 noumo
1353 1337 1661 1392 Cmrsusi.
1685 1365 1758 1378 -
1779 1337 2023 1391 Crebros
2050 1337 2318 1393 insultus.

339 3483 447 3557 Ep.

673 1428 819 1500 Ary.
860 1426 1075 1482 Gaudet
1119 1443 1233 1482 non
1277 1428 1436 1499 prius
1481 1426 1550 1481 de
1599 1425 1828 1480 adversa
1870 1442 2042 1498 quam
2088 1426 2157 1480 de
2203 1425 2458 1482 restituta

744 1519 864 1573 eius
908 1517 1222 1573 valetudine
1268 1518 1372 1572 sibi
1418 1522 1745 1572 nunciatum
1787 1532 1949 1572 esse:
1996 1522 2054 1573 et
2089 1517 2455 1572 constantiam

750 1606 921 1660 animi
947 1605 1006 1659 in
1034 1605 1279 1660 adversis
1308 1604 1522 1660 suadet.

428 1740 441 1752 .
528 1696 587 1751 2.
632 1696 903 1752 Socim-rx.
927 1725 997 1737 —
1020 1695 1092 1749 Te
1119 1695 1479 1767 compressis.

675 1783 822 1854 Arq.
862 1782 943 1837 De
970 1783 1217 1854 plurium
1244 1782 1550 1838 amicorum
1579 1797 1811 1837 suorum
1837 1786 2017 1836 morte
2053 1781 2448 1853 conqueritur:

742 1877 798 1926 et
825 1872 1127 1940 Socratem,
1150 1871 1219 1926 de
1246 1871 1406 1927 cuius
1424 1871 1636 1942 origine
1664 1875 1720 1924 et
1746 1869 1997 1924 moribus
2024 1870 2200 1926 multa
2218 1887 2456 1926 comme-

746 1965 951 2030 morat,
979 1963 1037 2016 in
1066 1960 1283 2016 Italiam
1311 1961 1559 2016 arcessit.

435 2094 449 2107 .
530 2051 586 2106 3.
628 2051 716 2106 AD
741 2065 964 2107 uncos,
987 2082 1059 2094 —
1077 2052 1369 2123 Reliquiae
1398 2067 1502 2105 nos
1528 2051 1845 2105 malorum.

672 2142 818 2213 Ary.
859 2141 1118 2213 Undique
1155 2157 1215 2195 se
1250 2138 1526 2194 illecebris
1562 2140 2008 2194 circumventum
2046 2141 2102 2192 et
2140 2136 2200 2192 in
2243 2137 2455 2195 lubrico
2563 2181 2582 2184 μ

749 2230 988 2301 positum
1024 2231 1396 2285 lamentatur:
1436 2245 1672 2301 eamque
1710 2228 1781 2284 ob
1817 2243 2042 2285 causam
2087 2226 2327 2283 abeundi
2363 2244 2454 2284 vo-

744 2319 1017 2374 luntatem
1047 2320 1241 2391 aperit.

431 2452 446 2465 .
528 2408 585 2463 4.
627 2408 716 2464 An
742 2423 1019 2464 IGNo'ruu.
1042 2439 1114 2451 —
1136 2409 1321 2464 Verba
1343 2409 1500 2464 mihi
1523 2425 1682 2465 nunc
1707 2414 1913 2479 metus.

667 2499 812 2572 Ary.
851 2500 931 2554 De
959 2498 1246 2554 adulteriis
1272 2498 1629 2570 perversitate
1654 2514 1876 2554 morum
1895 2496 2449 2567 increbrescentibus,

744 2605 986 2661 quorum
1021 2588 1268 2661 pericula
1300 2587 1508 2643 illustri
1543 2589 1798 2660 exemplo
1826 2587 2171 2644 demonstrat
2186 2629 2203 2659 ,
2239 2592 2452 2644 monet-

743 2695 852 2750 que
880 2679 1124 2734 amicum
1151 2682 1216 2733 ut
1244 2682 1450 2732 caveat.

434 2810 447 2823 .
530 2767 584 2823 5.
624 2767 887 2823 UGoLmo
912 2780 986 2821 m:
1014 2767 1233 2823 Rnnms
1260 2766 1450 2823 Emsc.
1482 2767 1800 2822 Panum-tsi.
1820 2797 1895 2809 -
1913 2765 2044 2823 Etsi
2067 2783 2241 2839 saepe.

672 2858 817 2930 Arq.
859 2857 1047 2913 Multis
1082 2858 1361 2913 rationum
1407 2857 1705 2913 momentis
1741 2856 2005 2912 adversus
2050 2857 2328 2912 malorum
2364 2873 2451 2911 ca-

743 2946 986 3001 lumnias
1015 2945 1348 3019 Episcopum
1379 2944 1612 3000 suadere
1650 2943 1847 2999 nititur
1882 2959 1942 2998 se
1980 2959 2093 2998 non
2122 2944 2309 2998 animo
2337 2943 2451 2998 cui·

739 3027 1194 3109 quammocendi,
1216 3037 1377 3107 eique
1397 3035 1728 3108 praesertim,
1750 3035 1810 3088 in
1830 3033 1983 3088 curia
2009 3031 2191 3088 adbuc
2210 3033 2443 3088 morari:

743 3126 892 3199 quod
919 3131 1121 3198 praeter
1146 3141 1307 3181 suam
1335 3125 1530 3181 accidit
1557 3126 1917 3179 voluntatem.

430 3259 443 3271 .
524 3216 579 3273 6.
620 3214 796 3271 Luca:
821 3214 1148 3269 Samon
1175 3214 1565 3269 Pmcsnrmo.
1587 3241 1662 3255 —
1679 3212 1961 3268 Iucundae
1986 3210 2158 3267 mihi.

670 3305 815 3378 ΑΨ.
854 3302 1020 3375 AEgre
1047 3320 1108 3359 se
1134 3303 1194 3357 in
1222 3302 1375 3357 curia
1400 3318 1589 3357 moras
1622 3307 1875 3358 nectere:
1915 3317 2157 3375 eumque
2192 3305 2351 3374 rogat
2386 3307 2450 3358 ut

743 3392 954 3448 litteras
978 3390 1294 3463 superiores
1319 3389 1500 3446 tradat
1525 3389 1813 3463 Episcopo.

527 3484 581 3538 7.
623 3480 798 3538 Lucis
822 3482 1149 3537 Sanmnon
1174 3479 1562 3536 Phacum-mo.
1584 3510 1657 3522 —
1677 3480 1867 3547 Quam
1896 3494 1971 3534 ex
1997 3483 2051 3533 te
2079 3478 2239 3534 olim.

674 3570 818 3643 Ary.
858 3569 1141 3624 Fabellam
1166 3573 1357 3623 narrat
1383 3568 1453 3624 de
1474 3568 1820 3641 Suspicione,
1841 3572 2108 3639 rogatque
2121 3572 2185 3622 ut
2201 3569 2449 3623 mentem

747 3657 1000 3730 Episcopi
1024 3657 1271 3729 exploret
1297 3674 1361 3712 ac
1386 3657 1608 3712 referat.

430 3789 446 3803 .
527 3745 584 3802 8.
624 3744 870 3801 lonssur
897 3757 1217 3802 mmmmm.
1238 3743 1460 3801 -Etsi
1486 3744 1559 3799 ab
1587 3742 1991 3798 adolescentia.

677 3835 820 3907 Ary.
859 3833 1075 3891 Gaudet
1104 3834 1210 3890 sibi
1233 3835 1561 3891 nunciatum
1587 3833 1657 3888 de
1684 3848 1749 3887 eo
1775 3831 1923 3904 quod
1943 3831 2086 3886 bene
2112 3829 2217 3900 sit,
2251 3830 2319 3884 de
2339 3846 2450 3902 quo

746 3924 937 3995 viginti
963 3924 1202 3996 amplius
1225 3939 1403 3980 annos
1428 3922 1571 3978 nihil
1597 3922 1911 3978 resciverat.

429 4058 444 4071 .
525 4014 586 4068 9.
631 4012 895 4069 Secum.
912 4042 985 4055 —
1004 4012 1138 4067 Non
1161 4029 1293 4068 sum
1320 4006 1565 4068 amicus.

679 4101 818 4175 Arg.
869 4103 1153 4158 Amicitias
1199 4118 1321 4158 esse
1370 4098 1859 4159 communicandas
1877 4140 1893 4169 ,
1932 4112 2174 4171 quarum
2207 4098 2449 4171 pretium

753 4191 936 4262 effert,
966 4193 1103 4250 dum
1130 4192 1412 4250 Socratem
1439 4192 1609 4248 unius
1635 4192 1692 4247 in
1722 4194 1937 4263 partem
1965 4192 2137 4242 vocat.

580 4297 625 4336 ¹·
2147 4298 2175 4344 u
