3104 4805
897 395 1082 444 unna
1123 395 1856 454 QUARTUS.—EP18TOLA
1898 399 1981 448 111.
2381 385 2510 450 -209

364 513 628 623 everrit,
673 547 752 609 ut
791 538 1058 630 regium
1099 538 1374 631 dogma,
1420 541 1531 610 cui
1572 539 1942 633 plurimum
1978 564 2087 613 me
2120 542 2378 616 debere
2412 547 2515 615 sa-

365 671 533 746 teor,
563 683 701 732 non
726 663 1175 754 amplecterer
1211 664 1457 747 solum,
1499 661 1621 732 sed
1655 659 1952 732 testibus
1992 661 2318 737 adhibitis
2349 689 2515 738 con-

367 784 746 867 firmarem3
809 784 998 877 quod
1052 786 1149 856 ita
1205 785 1374 855 mihi
1412 784 1719 858 animum
1759 784 2022 868 affecit,
2082 796 2161 856 ut
2225 810 2512 862 securus

363 906 503 979 iam
545 929 625 978 ac
678 907 827 1000 spei
870 909 1143 1000 plenuS,
1189 907 1631 978 formidatum
1674 906 1997 998 gentibus
2038 908 2224 980 diem
2274 914 2514 985 mortis

367 1040 752 1125 expectem.
789 1031 988 1102 Hunc
1020 1030 1203 1100 diem
1241 1039 1635 1102 transvecta
1667 1030 1895 1126 neptis
1935 1040 2077 1115 tua,
2117 1055 2325 1124 quam
2360 1032 2516 1107 finis

367 1154 682 1246 epistolae
739 1154 922 1227 canit
989 1177 1069 1226 ac
1130 1155 1485 1250 praedicat,
1530 1153 1874 1226 invidiosa
1916 1155 2170 1247 potius,
2228 1167 2303 1226 ut
2352 1155 2518 1227 mihi

367 1277 647 1371 quidem
722 1279 1026 1364 videtur,
1100 1302 1308 1371 quam
1382 1276 1753 1349 miserabili
1820 1288 2032 1362 sorte,
2096 1278 2515 1371 defungitur.

371 1401 705 1484 Quamvis
738 1404 923 1473 enim
965 1401 1056 1472 ab
1097 1403 1247 1493 ipso
1288 1401 1513 1472 aetatis
1556 1409 1627 1471 et
1666 1400 1905 1471 formae
1951 1401 2120 1471 flore
2164 1400 2518 1474 subtracta

371 1525 490 1609 sit,
519 1524 792 1617 publica
820 1527 961 1595 fere
997 1525 1206 1596 totius
1241 1523 1429 1595 orbis
1455 1523 1905 1616 querimonia,
1937 1524 2313 1617 multisque
2338 1546 2522 1617 prae-

368 1647 567 1739 cipue
605 1650 1014 1739 populorum
1063 1648 1428 1739 utriusque
1469 1646 1685 1737 regni,
1722 1655 1792 1716 et
1819 1645 2003 1717 unde
2043 1657 2300 1733 ortum,
2344 1657 2416 1719 et
2446 1648 2517 1719 in

369 1768 559 1859 quod
585 1773 989 1842 translatum
1024 1770 1192 1842 illud
1223 1792 1457 1840 rarum
1491 1778 1564 1841 et
1594 1769 1929 1839 eximium
1964 1769 2180 1841 decus
2216 1780 2381 1855 erat,
2420 1773 2520 1842 la-

371 1890 606 1961 crimis
636 1913 716 1963 ac
741 1894 1088 1975 lamentis3
1115 1894 1266 1988 ipsa
1291 1903 1520 1965 tamen
1546 1893 1715 1962 felix
1740 1903 1878 1973 est,
1909 1915 2044 1964 non
2078 1894 2301 1964 solum
2332 1895 2521 1986 quod

371 2014 460 2086 ad
499 2023 784 2087 aeternae
826 2016 990 2086 vitae
1031 2015 1314 2087 delicias
1354 2037 1480 2107 per
1513 2012 1909 2090 horrificum
1954 2013 2125 2086 illud
2166 2015 2405 2088 mortis
2440 2017 2523 2086 li-

369 2160 531 2209 men
573 2138 893 2230 ingressa
932 2148 1070 2223 est,
1118 2138 1243 2208 sed
1280 2137 1486 2209 etiam
1531 2138 1717 2230 quod
1762 2149 1833 2208 tu
1883 2161 2038 2210 eam
2091 2138 2522 2213 nobilissimo

369 2259 596 2352 elogio
634 2259 958 2331 omnibus
1001 2259 1273 2331 saeculis
1317 2259 1694 2331 illustrasti.
1731 2261 1902 2345 Quis
1937 2261 2119 2333 enim
2160 2272 2516 2349 mortuam,

369 2383 506 2454 imo
569 2406 740 2456 vero
806 2384 962 2476 quis
1001 2407 1137 2456 non
1179 2382 1679 2476 gloriosissime
1739 2383 2092 2456 viventem
2128 2384 2523 2458 dicere-au-

367 2504 586 2591 debit,
630 2530 837 2598 quam
879 2510 1066 2577 Deus
1107 2505 1176 2576 in
1218 2507 1420 2590 coelo,
1461 2516 1535 2576 tu
1572 2505 1639 2575 in
1677 2506 1880 2579 terris
1913 2512 2158 2579 vivere
2193 2509 2524 2581 voluisti?

371 2628 451 2713 Ο,
497 2629 804 2722 inquam,
842 2630 1008 2699 felix
1048 2629 1326 2699 mulier!
1376 2629 1431 2698 Ο
1473 2627 1726 2698 iterum
1752 2627 1954 2699 felix!
1996 2631 2172 2714 Quae
2214 2652 2340 2725 pro
2382 2653 2520 2702 una

374 2753 729 2844 temporali
772 2752 935 2835 vita,
980 2753 1363 2845 eademque
1391 2750 1589 2821 brevi
1626 2761 1695 2822 et
1720 2750 2010 2837 incerta,
2041 2753 2309 2824 etmille
2338 2776 2523 2825 sem-

371 2899 493 2969 per
532 2874 811 2946 casibus
855 2874 1198 2969 exposita‚
1243 2876 1419 2946 duas
1461 2873 1919 2958 aeternitateS,
1958 2883 2035 2944 ut
2068 2874 2164 2946 ita
2195 2875 2515 2962 dixerim,

371 3008 740 3072 consecuta
772 3009 909 3081 est;
944 3022 1239 3092 quorum
1273 3001 1557 3070 alteram
1591 2998 1888 3083 coelesti,
1927 3001 2211 3070 alteram
2247 3010 2520 3073 terreno

374 3121 544 3212 regi,
590 3122 774 3192 illam
816 3120 1089 3192 Christo
1128 3120 1406 3205 debeat,
1450 3121 1630 3193 hanc
1669 3120 1990 3193 Roberto.
2034 3123 2347 3215 Ingentia
2380 3122 2520 3195 duo

375 3265 660 3314 munera
710 3267 752 3315 a
802 3243 1457 3315 munificentissimis
1510 3242 1956 3334 largitoribus
2007 3244 2381 3339 accipiens,
2435 3265 2521 3316 eo

373 3365 630 3437 felicior
668 3366 893 3439 videri
943 3366 1150 3438 debet
1195 3367 1383 3459 quod
1424 3366 1491 3436 in
1534 3369 1711 3439 coelo
1758 3376 1828 3438 et
1876 3367 1948 3436 in
2002 3377 2185 3438 terra
2226 3367 2516 3458 gratiam

375 3485 805 3578 dignissimis
871 3490 1170 3560 relatura
1222 3498 1351 3560 est.
1404 3487 1781 3558 Plurimum
1831 3487 2015 3558 enim
2077 3510 2170 3558 ex
2224 3509 2521 3579 persona

379 3609 744 3683 tribuentis
786 3611 1190 3683 muneribus
1233 3611 1403 3705 ipsis
1455 3610 1750 3693 accedit;
1802 3611 2093 3681 multum
2145 3609 2433 3681 interest
2480 3632 2522 3680 a

375 3753 515 3824 quo
555 3731 963 3804 beneficium
1008 3732 1389 3828 acceperiS,
1434 3744 1504 3804 et
1535 3731 1647 3803 cui
1682 3729 1968 3825 proinde
2010 3732 2108 3804 sis
2149 3730 2520 3804 obnoxius,

376 3855 560 3925 Sane
609 3855 976 3948 quaesitam
1032 3856 1124 3926 illi
1174 3856 1441 3927 coelitus
1494 3854 2022 3926 immortalitatis
2062 3854 2521 3926 conditionem

377 3975 987 4072 beatissimamque
1025 3980 1189 4051 vitae
1253 3978 1703 4051 mutationem
1745 3977 1939 4064 sileo,
2008 4000 2097 4050 ne
2162 3977 2527 4050 ineffabilia

375 4109 911 4194 prosequentem
965 4101 1345 4173 destituant
1393 4102 1605 4173 vires.
1657 4102 1928 4187 Quanta
1978 4101 2254 4173 demum
2307 4101 2527 4192 gloria

374 4235 509 4310 est,
571 4249 783 4321 quam
838 4236 913 4297 tu
965 4225 1097 4297 sibi
1165 4227 1506 4319 supremis
1547 4226 1870 4298 laudibus
1923 4225 2290 4321 peperisti?
2329 4224 2527 4295 Certe

631 4356 665 4394 ι.
2160 4343 2220 4392 14
