3104 4805
613 381 726 442 342
1191 356 1194 359 ’
1286 394 1368 443 nn
1409 394 1610 444 nanus
1652 394 2095 443 rauummnus

609 540 851 613 crebra
916 541 1218 634 undique
1290 544 1482 613 velut
1540 540 1944 615 instantium
2002 541 2459 636 procellarum
2532 538 2756 630 signa.

608 664 873 735 Graves
917 666 1176 736 frontes
1244 662 1516 736 turbida
1575 663 1801 734 nubes
1864 662 2285 746 obduxerat,
2353 671 2422 733 et
2487 659 2759 732 turbida

609 797 885 881 pectora
920 808 1271 881 pugnaces
1308 785 1649 879 urgebant
1682 786 1893 858 venti.
1930 785 2403 879 Fulgurabant
2435 784 2613 856 oculi
2648 807 2758 855 ar-

607 910 880 994 denteS,
920 909 1184 981 flabant
1221 932 1343 982 ora
1380 909 1669 1001 minacia
1714 908 2205 1002 tonabantque;
2249 928 2463 1003 prope
2496 919 2646 978 erat
2687 914 2760 976 ut

609 1056 856 1106 manus
898 1033 1126 1126 impiae
1168 1033 1629 1105 fulminarent.
1687 1034 1947 1127 AEquor
1998 1033 2294 1104 aulicum
2347 1031 2482 1102 iam
2539 1039 2759 1101 tume-

609 1155 755 1227 bat:
799 1156 1074 1248 iamque
1124 1165 1344 1226 aestus
1395 1154 1805 1227 horrisonus
1857 1163 1929 1224 et
1978 1153 2307 1247 reciproci
2357 1153 2636 1237 fluctus,
2689 1162 2759 1222 et

608 1278 960 1351 obscoenae
1002 1300 1202 1359 aves,
1257 1288 1328 1348 et
1378 1276 1741 1372 peregrina
1780 1275 2095 1371 prodigia
2137 1274 2393 1348 vestris
2434 1277 2572 1346 late
2612 1274 2761 1346 lito-

607 1401 801 1473 ribus
838 1401 1310 1475 recursabant.
1354 1403 1573 1474 Morte
1614 1401 1801 1492 regis
1842 1408 2111 1471 mutata
2152 1398 2347 1492 regni
2398 1398 2640 1482 facieS,
2690 1410 2762 1469 et

608 1550 767 1599 eum
803 1526 1009 1599 unius
1051 1526 1182 1599 viri
1223 1527 1476 1612 anima,
1505 1525 1813 1597 omnium
1857 1526 2057 1617 vigor
2096 1537 2167 1597 et
2191 1523 2552 1596 eonsilium
2596 1545 2761 1595 eva-

610 1651 851 1723 nuisse
876 1648 1311 1722 videbantur.
1343 1648 1841 1743 spectabamus
1870 1649 2023 1721 haec
2054 1670 2322 1733 omneS,
2366 1646 2761 1740 futurisque

609 1797 745 1846 non
789 1796 990 1846 secus
1024 1796 1106 1845 ac
1147 1774 1614 1867 praesentibus
1653 1773 2081 1865 angebamur
2116 1774 2337 1845 malis.
2374 1773 2595 1867 Loqui
2635 1794 2764 1844 au-

612 1908 747 1970 tem
790 1897 949 1992 quis
991 1898 1278 1971 auderet
1317 1897 1435 1969 ubi
1477 1898 1597 1969 vix
1636 1895 1829 1968 liberi
1871 1897 2213 1989 cogitatus
2252 1909 2476 1982 erant,
2513 1906 2585 1968 et
2620 1918 2762 1967 non

609 2031 873 2094 tantum
903 2021 1217 2106 vocibuS,
1252 2020 1377 2093 sed
1405 2021 1688 2093 nutibus
1717 2031 1954 2115 parata
1983 2019 2363 2115 supplicia?
2413 2020 2762 2106 Quamob-

611 2169 758 2218 rem
805 2146 877 2217 in
916 2144 1142 2215 triviis
1188 2145 1361 2215 muti
1402 2166 1689 2229 omnes;
1739 2144 1807 2214 in
1876 2145 2195 2217 thalamis
2246 2168 2565 2217 murmur
2618 2166 2764 2215 am-

612 2248 968 2362 biguum,
1010 2277 1261 2339 moesta
1331 2268 1675 2360 praesagia
1700 2327 1715 2353 ,
1786 2279 1855 2341 et
1924 2267 2467 2360 impendentium
2544 2270 2762 2339 nuntii

612 2393 976 2477 malorum,
1022 2389 1207 2463 taciti
1247 2413 1580 2484 augures,
1628 2401 1872 2463 metus*
1905 2413 1986 2462 ac
2032 2368 2248 2463 dolor.
2304 2390 2615 2484 Denique
2667 2390 2763 2463 sic

612 2514 870 2605 apertis
919 2513 1136 2585 oculis
1188 2522 1592 2608 torpuerant
1630 2513 1870 2597 animi,
1916 2513 2114 2606 quasi
2156 2535 2333 2607 quos
2385 2512 2587 2585 vicini
2633 2514 2762 2585 ful·

613 2634 818 2707 minis
883 2638 1006 2707 lux
1064 2635 1410 2707 horrenda
1475 2634 1990 2729 perstringeret.
2053 2636 2297 2721 Nemo,
2351 2636 2486 2706 nisi
2535 2637 2756 2719 fallor,

615 2782 795 2831 unus
844 2759 1201 2832 hominum
1244 2782 1355 2831 me
1394 2760 1702 2853 apertius
1757 2757 2005 2843 timuit,
2058 2758 2414 2851 doluitque
2455 2757 2758 2830 liberius.

612 2883 831 2954 Nemo
865 2883 975 2953 illa
1016 2865 1228 2954 curiae
1268 2890 1586 2975 portenta
1623 2892 1693 2953 et
1733 2882 2145 2975 introspexit
2176 2884 2468 2967 acutiuS,
2497 2892 2568 2953 et
2599 2903 2763 2953 con-

614 3005 953 3076 tumacius
995 3013 1115 3076 aut
1158 3003 1392 3095 lingua
1426 3003 1774 3098 percussit
1805 3015 1926 3075 aut
1963 3007 2249 3077 calamo.
2286 3006 2437 3077 Heu
2476 3017 2756 3100 quanta,

614 3147 964 3219 quamque
989 3124 1277 3198 evidens
1305 3126 1830 3219 proverbiorum
1868 3125 2082 3199 fides!
2114 3128 2293 3199 Mala
2327 3127 2757 3213 vaticinetur,

615 3251 959 3345 inquiunt,
989 3250 1110 3342 qui
1141 3260 1341 3321 vates
1378 3249 1728 3322 veridicus
1762 3249 1910 3323 fieri
1946 3252 2112 3322 vult.
2153 3251 2241 3322 Et
2274 3250 2522 3321 iterum
2554 3279 2567 3320 :
2607 3271 2764 3322 raro

618 3375 755 3444 ulla
791 3372 1145 3446 calamitas
1183 3376 1327 3445 sola
1360 3374 1574 3445 venit.
1619 3373 1732 3445 Sic
1771 3384 1908 3459 est,
1956 3374 2056 3445 sic
2095 3372 2186 3444 ab
2226 3373 2529 3466 antiquis
2570 3372 2764 3445 audi-

616 3495 878 3578 vimuS,
918 3494 1017 3566 sic
1051 3495 1394 3568 videmus.
1432 3497 1688 3588 Magna
1723 3517 2001 3590 semper
2037 3517 2506 3567 aerumnarum
2548 3497 2762 3578 acies3

617 3616 1031 3690 incomitatae
1074 3640 1209 3690 non
1249 3619 1592 3711 prodeunt
1641 3619 1962 3691 miseriae.
1987 3621 2085 3689 .In
2137 3620 2389 3691 multas
2436 3618 2764 3692 incidisse

619 3761 695 3810 se
746 3741 1045 3825 noverit,
1101 3739 1218 3832 qui
1270 3740 1341 3811 in
1392 3764 1600 3814 unam
1652 3741 1906 3815 incidit.
1949 3743 2288 3836 Equidem
2342 3752 2419 3813 ut
2456 3742 2526 3812 in
2577 3751 2764 3812 tanta

619 3863 954 3933 malorum
1030 3860 1227 3956 copia
1292 3862 1586 3936 miseros
1662 3866 1916 3936 multos
1991 3886 2153 3937 esse
2236 3885 2528 3937 necesse
2610 3874 2761 3946 est;

620 3983 722 4055 sic
768 3984 838 4055 in
891 3995 1077 4058 tanta
1128 3985 1466 4057 bonorum
1520 3985 1774 4080 inopia,
1827 3988 2062 4059 felices
2127 4009 2406 4080 paucos.
2458 3988 2548 4058 Et
2596 4007 2763 4058 sane

619 4103 892 4176 miseris
984 4106 1538 4202 miserorumque
1628 4108 2002 4201 gemitibus
2095 4131 2177 4182 ac
2263 4110 2563 4204 querelis
2654 4130 2766 4178 re-

619 4226 792 4295 ferta
835 4236 996 4296 sunt
1034 4229 1283 4299 omnia.
1328 4231 1580 4302 Contra
1630 4239 1891 4313 autem,
1946 4253 2153 4322 quam
2208 4231 2299 4302 sit
2358 4229 2760 4302 mortalibus
