3104 4805
901 372 1084 419 Lmen
1131 371 1865 422 OCTAVUS.—EPISTOLA
1906 341 2007 422 vn.
2428 366 2549 428 453

377 527 490 586 tat
533 516 687 585 haec
728 517 912 585 Deus
956 516 1024 584 in
1070 516 1340 597 meliuS,
1386 526 1462 584 ut
1509 515 1628 606 qui
1671 516 1839 584 salsa
1885 537 2004 605 spe
2050 518 2294 588 totiens
2346 519 2552 589 dece-

378 648 559 731 ptus
605 660 785 720 sum,
832 639 1047 707 semel
1099 638 1340 706 saltem
1397 636 1705 729 decipiar
1757 638 1927 706 falso
1980 647 2183 706 metu.
2239 640 2438 720 Quod
2491 644 2548 712 si

378 756 751 841 acciderit,
799 769 876 828 ut
917 770 983 826 te
1024 780 1179 827 cum
1225 757 1538 851 pauculis
1582 756 1700 847 qui
1746 769 2123 850 supersunt
2162 760 2390 830 adbuc
2441 786 2550 834 se-

379 883 528 949 mel
572 879 928 972 aspiciam,
977 888 1347 970 antequam
1392 878 1677 960 moriar,
1735 878 2007 948 vixisse
2058 902 2170 949 me
2225 882 2392 951 satis
2442 906 2550 954 ar-

377 1001 723 1070 bitrabor.
769 1001 1112 1071 Caeterum
1153 1001 1439 1092 epistola
1485 999 1632 1069 texi
1672 1011 2007 1092 coeperat;
2052 1001 2120 1068 in
2165 999 2370 1070 libelli
2408 1025 2551 1073 mo·-

379 1122 559 1193 dum
602 1121 854 1203 evasit,
900 1121 1098 1191 cuius
1142 1143 1254 1189 me
1296 1120 1461 1189 illud
1503 1120 1849 1212 praecipue
1889 1120 2186 1192 delectat
2238 1122 2301 1190 in
2358 1123 2552 1192 malis

381 1243 600 1328 meis,
658 1241 845 1334 quod
908 1241 1273 1311 scribentis
1325 1241 1556 1310 animo
1623 1240 1859 1311 nubilo
1922 1254 1992 1312 et
2042 1243 2349 1333 inquieto
2418 1265 2552 1313 non

386 1368 620 1434 solum
668 1364 866 1432 stilus
903 1364 1075 1455 ipse,
1122 1363 1246 1433 sed
1286 1365 1505 1433 forma
1545 1363 1752 1433 etiam
1798 1365 2172 1434 litterarum
2217 1375 2287 1434 et
2339 1387 2553 1458 papy-
2613 1452 2622 1459 .

386 1508 520 1557 rus
586 1495 656 1555 et
706 1494 1088 1554 atramenta
1139 1485 1603 1564 conveniunt,
1657 1506 1817 1575 quae
1869 1485 1998 1555 nisi
2055 1487 2438 1578 proiecer0,
2485 1495 2555 1555 et

387 1609 542 1678 vim
609 1607 826 1676 dolori
890 1607 1134 1688 secem,
1205 1608 1434 1675 nullus
1500 1607 1632 1675 erit
1682 1607 1951 1676 modus.
2009 1606 2158 1676 Alia
2209 1610 2389 1677 enim
2459 1631 2553 1678 ex

390 1728 550 1797 aliis
590 1736 977 1817 erumpunt.
1025 1726 1161 1795 Sed
1203 1728 1375 1797 forte
1418 1749 1544 1796 nec
1597 1726 1823 1796 adbuc
1872 1727 2073 1797 nobis
2129 1731 2229 1797 sol
2282 1729 2548 1799 dierum

392 1849 703 1917 omnium
741 1847 1091 1931 occubuit,
1130 1858 1199 1917 et
1236 1847 1495 1938 aliquid
1531 1847 1598 1916 in
1637 1848 2011 1919 crastinum
2055 1850 2551 1921 reservandum

393 1979 525 2040 est.
580 1968 860 2040 Litterae
926 1971 1324 2060 exemplum
1394 1992 1600 2060 quam
1656 1970 2066 2040 Florentinis
2119 1971 2276 2040 misi
2345 1994 2555 2062 super

394 2093 530 2160 hac
573 2100 759 2161 tanta
800 2112 1039 2159 eorum
1085 2089 1487 2178 ignominia,
1533 2091 1695 2183 quia
1736 2099 1808 2160 te·
1831 2090 2026 2160 iuvet
2060 2094 2392 2162 lecturum
2431 2115 2555 2161 au-

393 2236 636 2304 guror,
668 2214 1135 2306 praesentibus
1165 2215 1468 2286 innexui.
1498 2218 1686 2299 Vale,
1718 2219 1942 2298 frater,
1979 2226 2046 2285 et
2085 2225 2293 2285 temet
2325 2215 2551 2308 ipsum

393 2335 609 2407 rebus
652 2335 1033 2406 laetioribus
1076 2357 1508 2427 praeservare
1551 2337 1867 2417 studeas,
1914 2329 2002 2408 ut‘
2031 2360 2187 2422 nos,
2229 2338 2285 2407 si
2325 2347 2552 2408 tamen

389 2480 485 2527 ex
528 2460 665 2526 alto
706 2457 1125 2547 permissum
1167 2471 1300 2541 est,
1348 2462 1414 2529 in
1459 2460 1659 2529 terris
1703 2458 1950 2528 iterum
2002 2457 2381 2529 videamus.

589 2581 884 2659 Parmae,
934 2578 1106 2647 Iunii
1148 2581 1295 2650 XX.
1339 2583 1849 2651 Recommendo
1891 2602 2001 2651 me
2043 2580 2319 2651 domino
2354 2605 2547 2667 me0,

388 2699 673 2769 domino
701 2697 1147 2770 Cavallicensi
1179 2711 1250 2770 et
1279 2702 1559 2773 domino
1597 2705 2008 2784 Senescallo,
2041 2701 2098 2770 si
2130 2723 2338 2794 prope
2367 2712 2548 2770 sunt.

389 2821 564 2887 Item
609 2819 885 2890 domino
918 2820 1463 2894 Archidiacono:
1509 2825 1864 2894 dominum
1905 2823 2284 2893 Gnidonem
2330 2824 2553 2916 Septi-

393 2963 580 3010 mum
618 2953 686 3011 ct
719 2942 1187 3014 Romanellum
1225 2956 1295 3015 et
1335 2947 1637 3015 Leonem
1685 2949 1927 3014 saluto.
1960 2946 2082 3014 Hei
2120 2945 2286 3013 mihi
2325 2946 2336 3011 Ξ
2380 2944 2552 3013 Mai-

393 3067 705 3135 nardum‘
728 3067 1024 3159 amplius
1066 3089 1255 3135 more
1286 3067 1484 3135 solito
1520 3088 1653 3135 non
1687 3069 1937 3146 salut0,
1974 3065 2094 3134 sed
2132 3068 2354 3133 saluto
2389 3085 2546 3132 eum

394 3186 572 3254 sicut
621 3207 935 3277 possum,
991 3196 1060 3253 et
1110 3207 1234 3275 pro
1286 3206 1369 3252 eo
1424 3193 1655 3253 tantus
1711 3193 2030 3274 peccator
2081 3183 2551 3252 indesinenter

393 3327 541 3386 oro,
589 3312 960 3392 quatenuS,
1005 3303 1204 3371 cuius
1258 3324 1510 3393 corpus
1564 3304 1700 3370 mei
1750 3303 2031 3373 videndi
2082 3302 2431 3372 desiderio
2482 3302 2548 3370 in

393 3422 767 3514 perniciem
816 3428 887 3488 et
937 3420 1007 3487 in
1059 3428 1348 3489 mortem
1404 3419 1664 3502 incidit,
1721 3421 1948 3490 anima
2002 3423 2242 3490 saltem
2297 3422 2552 3492 evadat

393 3544 480 3612 de
522 3541 840 3612 manibus
884 3542 1268 3632 impiorum,
1317 3541 1651 3611 liberante
1700 3551 1772 3610 et
1822 3544 2134 3612 salvante
2183 3542 2548 3611 liberatore

393 3677 461 3731 et
515 3673 871 3733 servatore
922 3671 1156 3733 nostro
1197 3663 1481 3732 Domino
1532 3662 1693 3732 lesu
1746 3663 2044 3744 ChristO,
2102 3663 2219 3754 qui
2274 3676 2551 3757 propter

393 3791 674 3874 peccata
716 3805 869 3852 mea
911 3786 1123 3852 multa
1164 3793 1234 3853 et
1274 3784 1516 3874 gravia
1552 3807 1663 3854 me
1699 3807 1880 3856 nunc
1925 3784 1992 3852 in
2029 3784 2227 3855 amici
2265 3807 2549 3876 corpore

395 3906 741 3975 vulnerari
797 3916 934 3974 tam
978 3905 1284 3994 graviter
1324 3928 1580 3998 passus
1631 3918 1759 3977 est.
1813 3906 2257 3977 Benedictum
2316 3906 2402 3976 sit
2447 3916 2549 3976 ta·-

395 4048 551 4096 men
593 4026 662 4095 in
705 4028 961 4096 saecula
995 4048 1243 4097 nomen
1282 4029 1455 4098 eius.
1500 4030 1670 4100 Vale
1708 4031 1956 4100 iterum
1991 4040 2062 4099 et
2104 4051 2377 4121 semper
2411 4032 2544 4101 mei

396 4166 687 4229 memor,
742 4155 813 4215 et
865 4147 1193 4231 rescribe,
1234 4170 1506 4241 quaes0‚
1567 4151 1623 4219 si
1677 4152 1861 4222 vivis
1898 4150 2062 4222 etsi
2098 4154 2317 4223 vales.
2356 4154 2540 4233 Haec,
