3104 4805
575 361 692 422 :376
1259 375 1341 423 na
1384 374 1587 422 nanus
1630 373 2069 422 FAuiniAmnus

573 519 727 590 rint.
765 515 826 586 A
863 517 1114 589 talibus
1154 536 1433 609 semper
1467 513 1722 587 abesse
1754 516 2157 588 consultius.
2196 518 2526 610 intelligis
2560 520 2727 612 quid

572 640 814 726 velim,
871 651 941 712 et
985 642 1244 710 frustra
1295 638 1429 710 erit
1474 636 1811 734 quidquid
1877 639 2173 734 amplius
2238 639 2507 713 dixero.
2560 643 2727 717 Dico

572 776 833 849 tamen,
863 785 950 835 ne
977 784 1116 858 qua
1141 762 1712 836 dissimulationis
1748 762 2021 836 occasio
2046 773 2184 834 tuae
2208 765 2725 836 mansuetudini

570 909 729 959 meo
780 886 1049 959 silentio
1088 886 1506 981 praebeatur.
1564 883 1649 958 Ut
1697 887 1865 981 quid
1916 906 2197 982 operam
2239 886 2474 982 perdis
2515 909 2727 981 gene-

572 1032 756 1084 rosae
819 1011 1117 1081 animae‘?
1178 1011 1418 1102 Longe
1471 1008 1593 1081 tibi
1640 1008 1975 1104 imparem
2042 1020 2251 1104 atque
2314 1011 2722 1084 dissimilem

570 1146 845 1219 nactus,
904 1133 1152 1229 pedem
1208 1133 1478 1204 retrahe
1526 1133 1619 1203 ab
1669 1128 1940 1228 incepto
1991 1131 2336 1207 laborioso
2386 1147 2457 1206 et
2505 1133 2726 1204 ineffi-

569 1259 756 1331 caci:
799 1256 1236 1330 reconciliare
1277 1256 1464 1328 illum
1509 1255 1629 1327 tibi
1673 1256 2142 1350 nequidquam
2184 1258 2445 1331 niteris.
2500 1257 2724 1329 Invito

569 1380 832 1455 amicus
898 1399 1058 1454 esse
1122 1400 1256 1451 non
1323 1389 1521 1475 potes
1555 1404 1587 1449 ε·
1624 1380 2078 1453 formidabilis
2144 1381 2463 1453 inimicus
2526 1393 2722 1477 potes

567 1527 751 1578 esse.
819 1506 1040 1590 Quem
1114 1528 1300 1577 nunc
1365 1506 1473 1577 ille
1538 1504 1937 1589 contemnit,
1995 1504 2232 1575 timere
2282 1503 2593 1598 incipiet,
2661 1503 2721 1574 si

568 1636 804 1723 aperte
853 1627 1139 1723 incipias
1193 1623 1438 1712 irasci';
1484 1628 1874 1720 sentietque
1914 1628 2234 1721 quisnam
2285 1636 2475 1698 esset
2515 1648 2721 1719 quem

569 1752 787 1844 gratis
829 1752 1100 1843 ingrato
1138 1751 1370 1822 animo
1420 1750 1902 1824 lacessendum
1944 1749 2247 1820 duxerit.
2297 1749 2721 1822 Medicorum

568 1892 830 1946 morem
868 1874 935 1944 in
971 1872 1105 1946 hoc
1145 1896 1337 1967 aegro
1369 1882 1440 1945 et
1474 1874 1725 1946 infecto
1765 1872 2042 1943 homine
2084 1893 2412 1965 sequere:
2456 1893 2581 1944 oro
2620 1883 2717 1956 te,

566 1995 888 2091 experire
946 1995 1312 2068 contraria.
1377 1993 1911 2067 Mansuetudine
1962 1992 2175 2078 irrita,
2242 1993 2492 2065 efficax
2548 1994 2722 2065 forte

571 2120 913 2193 severitas
989 2120 1234 2204 fuerit,
1303 2118 1679 2212 odiumque
1746 2117 2092 2211 potentius
2167 2137 2425 2188 amore.
2501 2116 2723 2200 Quem

571 2242 1035 2316 blandientem
1097 2238 1381 2334 spernit,
1450 2240 1764 2312 horrebit
1819 2263 1913 2312 ex
1962 2242 2278 2334 professo
2337 2237 2724 2311 inimicitias

567 2376 1030 2439 exercentem.
1088 2363 1399 2437 Moribus
1465 2364 1841 2436 adversum
1906 2363 2110 2447 meiS,
2175 2361 2299 2435 sed
2359 2373 2725 2436 consenta-

569 2511 776 2559 neum
813 2487 1022 2558 rebus
1058 2487 1424 2558 consilium
1475 2483 1659 2558 dedi.
1714 2487 1896 2571 Quid
1945 2488 2128 2557 enim
2190 2485 2283 2557 illi
2332 2485 2547 2558 facias
2602 2487 2722 2579 qui

569 2631 874 2681 amorem
914 2619 1114 2679 vocet
1160 2607 1480 2692 insidias,
1521 2607 2015 2680 humanitatem
2054 2617 2250 2699 putet
2288 2632 2447 2680 esse
2489 2607 2725 2680 sormi-

567 2731 796 2800 dinem
812 2734 850 2828 ῬΔ
890 2731 1077 2800 Vale.

1555 2951 1671 2962 -——-—
1696 2957 1705 2960 -

1415 3157 1767 3222 EmsToLA
1812 3157 1874 3219 X.

771 3334 1159 3391 FRANclscus
1199 3339 1535 3389 PETRARCA
1580 3337 1844 3389 IOHANNI
1892 3336 2219 3388 ANCfflSAEo
2263 3335 2314 3388 S.
2360 3338 2414 3387 Ρ.
2459 3335 2519 3388 D.

846 3497 957 3551 Cur
986 3497 1042 3551 in
1073 3496 1305 3550 Galliam
1340 3494 1672 3566 Cisalpinam
1704 3494 1885 3567 potius
1915 3510 2082 3566 quam
2114 3492 2450 3549 Florentiam

1443 3600 1502 3638 se
1535 3585 1852 3639 contulerit.

763 3827 1046 3906 Litterae
1098 3842 1236 3905 tuae
1286 3823 1509 3925 plenae
1561 3830 1978 3923 gratissimis
2037 3833 2245 3921 atque
2302 3822 2723 3900 dulcissimis

572 3956 1233 4050 reprehensionibus
1308 3956 1729 4026 invenerunt
1802 3976 1910 4025 me
1979 3951 2161 4024 circa
2228 3950 2394 4023 Padi
2471 3950 2717 4042 ripam,

568 4076 662 4144 IX
728 4077 1057 4150 kalendas
1125 4076 1359 4172 aprilis
1433 4075 1521 4148 ad
1587 4097 1979 4169 vesperam.
2060 4074 2309 4145 Confer
2375 4071 2719 4144 adventus

566 4194 748 4263 diem
799 4218 957 4266 cum
1012 4200 1278 4269 illarum
1332 4198 1706 4280 missione,
1776 4209 1845 4270 et
1911 4195 2069 4268 vide
2134 4198 2191 4268 si
2254 4218 2340 4268 eo
2393 4190 2717 4285 temporis
