3104 4805
609 363 687 421 50
1278 372 1358 418 DE
1401 370 1600 418 nanus
1641 369 2082 418 FAmmAmssus
2121 420 2124 423 Α

613 534 836 590 tecum
858 526 991 588 est:
1020 517 1213 587 Laelii
1242 517 1377 587 mei
1405 526 1476 587 et
1500 527 1906 589 caeterorum
1933 540 2103 611 pace
2129 517 2431 589 dixerim
2448 575 2463 603 ,
2492 519 2749 613 quibus

611 652 686 711 ut
718 662 828 711 me
861 659 1141 730 aequare
1181 638 1476 709 audeam
1518 636 1822 730 superba
1854 638 2142 710 forsitan
2175 642 2449 712 fortuna
2481 640 2751 712 illorum

609 763 818 856 cogit,
848 771 917 832 et
943 759 1137 832 dolor
1169 760 1328 831 mei.
1359 762 1507 852 Ego
1536 760 1721 833 enim
1749 771 1816 832 te
1840 761 2100 834 mundo
2125 763 2433 856 praetuli3
2461 773 2534 834 tu
2559 763 2745 847 mihi,

609 906 881 978 quaeso,
958 882 1125 976 quid
1183 905 1320 955 non
1372 886 1661 976 praefers
1686 886 1721 952 ‘2
1770 882 1880 953 An
1930 883 2216 957 timuisti
2265 909 2356 957 ne
2408 898 2748 960 secretum

612 1019 803 1080 tuum
838 1029 935 1078 ex
967 1029 1077 1077 me
1111 1007 1182 1076 in
1214 1009 1470 1098 vulgus
1506 1010 1951 1099 erumperet?
1984 1008 2084 1079 Ita
2116 1030 2206 1078 ne
2240 1008 2574 1081 rimosum
2624 1033 2751 1083 ex-

610 1140 849 1224 pertus
881 1152 988 1215 es,
1027 1128 1120 1201 ita
1152 1127 1406 1200 infirmi
1431 1151 1513 1200 ac
1537 1128 1750 1201 futilis
1777 1129 2013 1217 animi,
2044 1130 2156 1202 cui
2181 1140 2321 1202 tam
2348 1132 2541 1203 facile
2564 1156 2752 1205 com-

610 1255 828 1325 missa
858 1253 1252 1325 diffluerent
1277 1255 1311 1319 ⁶?
1344 1250 1568 1343 Egisti
1603 1251 1901 1339 incaute,
1939 1253 2058 1345 qui
2092 1251 2258 1323 mihi
2294 1253 2541 1325 totiens
2592 1277 2751 1346 gra-

611 1377 809 1449 viora
840 1374 1242 1447 credideris.
1304 1374 1443 1446 Sed
1505 1372 1739 1468 (crede
1794 1374 1988 1469 mihi)
2049 1374 2368 1467 quoniam
2410 1375 2614 1447 hodie
2650 1376 2751 1471 (ut

614 1498 843 1593 video)
871 1499 1066 1570 dolor
1090 1496 1580 1569 verecundiam
1611 1509 1919 1591 superat;
1954 1497 2179 1582 crede,
2215 1497 2511 1590 inquam,
2548 1499 2743 1583 mihi,

612 1634 808 1716 pater
851 1620 1104 1714 optime
1130 1677 1145 1706 ,
1183 1620 1437 1692 nullius
1478 1618 1708 1715 (quem
1745 1619 2022 1712 quidem
2062 1641 2194 1712 ego
2241 1620 2575 1716 noverim)
2613 1620 2752 1695 fido

617 1744 887 1817 silentio
922 1742 1271 1816 secundus
1308 1764 1486 1814 sum.
1523 1743 1736 1813 Nemo
1772 1764 1882 1813 me
1915 1740 2070 1814 ideo
2103 1744 2294 1836 quod
2320 1753 2587 1815 secreta
2615 1766 2753 1815 non

615 1879 909 1953 teneam,
947 1891 1038 1939 ne
1070 1867 1296 1939 dicam
1331 1864 1519 1937 fideli
1554 1864 1898 1950 amicitiae‚
1931 1864 2056 1936 sed
2081 1869 2194 1936 vel
2230 1867 2573 1940 senatorio
2597 1890 2755 1960 gra-

614 1991 909 2089 dui,vvel
937 1989 1321 2063 sacerdotio
1356 1988 1624 2061 Cereris
1659 1988 2029 2061 inhabilem
2063 1990 2390 2080 arguerit.
2425 1991 2754 2081 Legimus

613 2116 799 2208 apud
831 2116 1081 2185 Persas
1121 2111 1292 2182 nihil
1327 2110 1466 2183 fide
1502 2113 1833 2196 sanctiuS,
1872 2112 2039 2184 nihil
2076 2113 2430 2205 pulchrius
2466 2113 2752 2196 silentio,

614 2237 783 2307 nihil
815 2234 1226 2327 loquacitate
1259 2228 1660 2303 deformius.
1690 2234 1929 2325 Itaque
1952 2234 2118 2306 illud
2145 2237 2260 2308 vel
2283 2245 2500 2307 morte
2522 2245 2757 2306 custo—

616 2360 838 2442 diunt,
876 2356 1058 2429 hanc
1106 2366 1327 2429 morte
1376 2355 1740 2449 castigant.
1776 2357 1928 2429 Non
1967 2368 2079 2430 est
2124 2361 2268 2452 qui,
2323 2380 2757 2455 quocumque

617 2477 967 2570 supplicio,
999 2476 1106 2548 sui
1134 2475 1323 2568 regis
1348 2479 1607 2572 pandat
1628 2502 1975 2552 arcanum.
2004 2481 2074 2551 Si
2101 2482 2258 2572 quis
2284 2484 2458 2553 forte
2490 2493 2760 2554 contra-

612 2597 872 2682 fecerit,
910 2601 1097 2670 nullo
1147 2621 1285 2670 non
1337 2600 1672 2693 supplicio
1721 2603 1977 2693 dignus
2030 2603 2344 2676 habetur.
2394 2607 2755 2678 Praeclare.

612 2719 795 2804 Quid
827 2721 1014 2792 enim
1047 2721 1326 2796 omnino
1360 2722 1627 2795 facilius
1662 2747 1870 2817 quam
1907 2713 2194 2796 tacere‘s
2230 2725 2339 2798 Ad
2387 2728 2556 2817 quid
2588 2749 2756 2816 ergo

615 2842 826 2929 utilis,
864 2855 984 2916 aut
1013 2843 1124 2917 cui
1158 2866 1431 2937 magnae
1456 2844 1559 2917 rei
1585 2845 1677 2918 sit
1698 2845 2064 2918 habendus
2097 2846 2415 2929 idoneuS,
2450 2845 2571 2938 qui
2605 2868 2751 2916 rem

614 2967 817 3056 longe
849 2966 1234 3039 facillimam
1268 2966 1554 3060 implere
1611 2966 2035 3058 nequiverit?
2091 2965 2198 3036 An
2234 2987 2402 3036 vero
2459 2987 2750 3058 oocupa-

614 3088 836 3160 tiones
872 3109 1064 3160 meas
1116 3089 1621 3183 interrumpere
1677 3088 1999 3161 noluisti?
2049 3090 2496 3163 Conversatio
2545 3089 2754 3182 igitur

612 3214 934 3302 longaeva
962 3213 1132 3304 quid
1164 3213 1459 3306 profuit?
1482 3214 1801 3285 Nondum
1829 3213 2150 3306 intelligis
2178 3236 2314 3285 non
2340 3234 2503 3285 esse
2528 3234 2640 3284 me
2665 3213 2754 3285 de

610 3333 880 3406 illorum
915 3356 1157 3428 grege,
1193 3334 1314 3428 qui
1351 3334 1452 3432 (ut
1483 3336 1578 3408 ait
1609 3334 1919 3430 Flaccus)
1957 3336 2156 3408 brevi
2196 3339 2407 3409 fortes
2459 3337 2758 3408 iaculan—

617 3469 727 3530 tur
759 3478 916 3530 aevo
949 3460 1189 3544 multa,
1223 3457 1343 3551 qui
1388 3468 1607 3531 terras
1650 3459 1785 3531 alio
1817 3461 2122 3532 calentes
2158 3462 2300 3532 sole
2333 3467 2753 3552 permutant,

614 3581 735 3675 qui
782 3591 1147 3674 penetrant
1192 3584 1387 3654 aulas
1439 3593 1511 3654 et
1558 3581 1792 3655 limina
1849 3605 2120 3675 regum,
2176 3585 2370 3654 velut
2425 3581 2757 3674 Virgilius

616 3704 733 3790 ait,
771 3705 889 3796 qui
923 3704 1229 3777 animum
1265 3728 1471 3777 suum
1505 3706 1577 3777 in
1609 3708 1831 3778 frusta
1879 3705 2307 3800 discerpunt,
2371 3704 2534 3775 huic
2588 3704 2761 3775 arri-

617 3828 806 3910 dent,
844 3828 939 3897 illi
981 3828 1318 3913 serviunt,
1357 3828 1702 3901 neminem
1753 3851 1848 3899 ex
1897 3828 2171 3921 integro
2220 3826 2540 3918 diligunt,
2593 3823 2754 3895 nulli

617 3947 821 4036 plene
855 3948 1253 4022 confidunt?
1287 3951 1488 4023 Certe
1529 3974 1663 4045 ego
1694 3951 1817 4045 qui
1859 3951 1991 4024 sim
2026 3953 2282 4025 nescio.
2315 3951 2535 4023 Valde
2572 3945 2755 4016 enim

616 4069 687 4136 in
711 4065 963 4138 iudicio
988 4091 1221 4143 rerum
1247 4082 1640 4145 nostrarum
1665 4075 1987 4160 fallimur3
2017 4076 2144 4148 sed
2169 4086 2246 4146 ut
2272 4073 2401 4145 sim
2426 4072 2517 4142 de
2542 4088 2758 4161 grege

616 4185 781 4256 nihil
816 4189 1224 4279 optantium,
1263 4216 1682 4287 magnopere
1715 4196 1978 4279 lahoro;
2012 4198 2102 4269 de
2135 4193 2368 4266 multis
2403 4214 2754 4284 nunquam
